3050 4350
688 343 818 403 Lrssu
840 309 873 404 11

280 505 437 572 'fortissime
456 511 534 572 circa
557 511 706 572 Mutinam
729 511 967 573 administratum
988 523 1033 574 est
1053 523 1083 574 et
1108 517 1146 574 D.
1171 516 1279 573 Brutus

281 609 439 670 obsidione
461 610 608 672 liberatus.
651 611 802 672 Antonius
824 611 902 688 turpi
920 631 955 672 ac
974 613 1056 672 nuda
1074 613 1143 690 suga
1159 623 1280 672 coactus

280 708 415 767 deserere
438 707 564 781 Italiam,
584 710 741 768 consulum
763 719 863 768 autem
886 711 959 768 alter
979 708 1011 768 in
1033 708 1105 782 acie,
1121 711 1193 770 alter
1213 704 1298 786 post¹

281 824 392 882 paucos
407 804 471 864 dies
486 825 522 864 ex
535 807 658 865 uulnere
672 816 798 865 mortem
813 805 895 865 obiit

253 928 266 976 5
321 901 432 963 Omnia
445 914 515 963 ante
529 924 619 981 quam
634 907 781 981 fugaretur
795 903 944 964 Antonius
958 903 1122 964 honorifice
1138 923 1156 963 a
1177 915 1281 964 senatu
1294 908 1335 966 62

280 1000 312 1060 in
327 1003 485 1062 Caesarem
497 1002 717 1080 exercitumque
730 1001 793 1062 eius
804 1004 924 1062 decreta
938 1013 1006 1062 sunt
1020 1002 1148 1064 maxime
1161 1013 1282 1063 auctore

280 1099 428 1160 Cicerone
438 1121 447 1174 5
466 1102 521 1160 sed
535 1111 568 1160 ut
581 1100 701 1161 recessit
716 1111 821 1174 metus
832 1100 927 1178 erupit
938 1103 1076 1161 uoluntas
1087 1101 1282 1178 protinusque

282 1197 472 1274 Pompeianis
495 1198 627 1276 partibus
650 1199 736 1260 rediit
757 1199 882 1259 animus.
927 1202 1019 1259 Bruto
1039 1199 1204 1276 Cassioque
1218 1219 1283 1276 pro

281 1293 406 1367 uinciae,
423 1315 497 1372 quas
511 1294 570 1356 iam
585 1295 641 1373 ipsi
655 1296 719 1356 sine
736 1298 798 1356 ullo
817 1307 937 1356 senatus
960 1298 1096 1357 consulto
1119 1316 1284 1373 occupaue-
1299 1325 1309 1357 2

239 1411 269 1446 ιο
282 1403 355 1466 rant,
374 1394 519 1467 decretae,
539 1393 651 1454 laudati
673 1393 855 1471 quicumque
876 1415 908 1455 se
929 1393 964 1455 iis
985 1394 1129 1455 exercitus
1150 1393 1284 1455 tradidis-

282 1503 356 1567 sent,
373 1492 474 1553 omnia
488 1492 682 1553 transmarina
700 1492 824 1570 imperia
846 1513 948 1554 eorum
972 1492 1132 1555 commissa
1152 1491 1281 1552 arbitrio.

282 1590 393 1668 quippe
422 1593 465 1650 M.
491 1594 600 1651 Brutus
628 1602 657 1651 et
685 1593 719 1653 C.
747 1591 876 1665 CassiuS,
900 1612 981 1652 nunc
1009 1602 1174 1652 metuentes
1202 1610 1312 1662 arma3

282 1690 405 1763 Antoni,
429 1709 509 1750 nunc
536 1691 576 1750 ad
603 1691 770 1767 augendam
795 1689 858 1750 eius
885 1689 1029 1751 inuidiam
1055 1689 1227 1750 simulantes
1252 1709 1284 1749 se

283 1799 423 1861 metuere,
449 1786 547 1847 testati
569 1786 673 1847 edictis
697 1786 824 1847 libenter
847 1807 879 1847 se
904 1773 951 1847 uel
976 1785 1007 1846 in
1031 1797 1175 1864 perpetuo
1197 1785 1283 1846 exilio
1330 1838 1334 1844 .

239 1905 267 1953 15
283 1886 421 1958 uicturos,
444 1887 518 1945 dum
538 1883 580 1944 rei
601 1883 738 1961 publicae
759 1895 907 1944 constaret
928 1883 1097 1957 concordia,
1112 1879 1171 1943 'nec
1192 1885 1283 1942 ullam

282 1983 354 2044 belli
378 1982 473 2043 ciuilis
501 1982 684 2060 praebituros
713 1982 874 2056 materiam,
898 1982 1058 2060 plurimum
1082 1981 1138 2043 sibi
1162 1980 1284 2042 honoris

282 2093 348 2142 esse
375 2081 406 2141 in
431 2079 613 2142 conscientia
640 2079 710 2140 facti
737 2079 791 2153 sui,
817 2079 940 2156 profecti
968 2080 1042 2139 urbe
1069 2090 1159 2156 atque
1188 2077 1281 2150 Italia,

282 2180 398 2241 intento
412 2189 466 2244 †ac
480 2179 543 2256 pari
564 2177 666 2239 animo
688 2177 752 2238 sine
775 2178 949 2239 auctoritate
972 2177 1092 2255 publica
1116 2177 1284 2255 prouincias

283 2277 487 2354 exercitusque
510 2287 728 2353 occupauerant
751 2286 788 2348 et,
804 2275 987 2352 ubicumque
1006 2274 1062 2352 ipsi
1080 2285 1187 2348 essent,
1203 2295 1284 2351 prae·

239 2387 416 2437 retexentes
437 2394 502 2434 esse
522 2393 585 2432 rem
606 2372 765 2449 publicam,
781 2371 922 2450 pecunias
939 2371 1037 2445 etiam,
1053 2391 1130 2449 quae
1144 2392 1180 2431 ex
1194 2382 1284 2432 trans-

283 2472 403 2533 marinis
425 2469 586 2548 prouinciis
609 2472 739 2528 Romam
761 2469 800 2528 ab
822 2469 1028 2546 quaestoribus
1042 2469 1282 2546 deportabantur,

281 2591 301 2630 a
315 2569 485 2630 uolentibus
499 2577 681 2644 acceperant.
725 2586 802 2643 quae
817 2566 918 2627 omnia
931 2577 1050 2626 senatus
1065 2566 1190 2627 decretis
1205 2587 1284 2626 com·
1296 2595 1312 2642 4

282 2659 389 2746 prensa
421 2678 451 2727 et
485 2666 679 2742 comprobata
713 2676 782 2724 sunt
816 2677 846 2725 et
877 2669 914 2725 D.
945 2667 1046 2738 Bruto,
1076 2666 1158 2743 quod
1185 2665 1284 2725 alieno

283 2765 430 2826 beneficio
452 2764 574 2837 uiueret,
598 2765 734 2824 decretus
757 2762 931 2840 triumphus,
955 2767 1068 2824 Pansae
1090 2774 1180 2840 atque
1203 2763 1285 2824 Hirti

239 2884 270 2933 ²5
283 2884 408 2942 corpora
435 2861 556 2940 publica
583 2862 734 2938 sepultura
756 2861 909 2933 honorata,
936 2860 1071 2923 Caesaris
1098 2862 1175 2920 adeo
1204 2861 1312 2929 nullas

283 2961 385 3021 habita
399 2958 521 3031 mentio,
537 2968 569 3017 ut
583 2956 679 3033 legati,
695 2956 747 3034 qui
763 2958 803 3016 ad
822 2957 982 3016 exercitum
1002 2957 1065 3018 eius
1087 2956 1169 3018 missi
1191 2968 1282 3029 erant,

283 3059 455 3118 iuberentur
487 3067 638 3116 summoto
668 3075 708 3116 eo
743 3054 850 3115 milites
883 3054 1002 3132 alloqui.
1046 3075 1108 3115 non
1140 3054 1195 3114 fuit
1222 3065 1283 3114 tam

283 3157 413 3234 ingratus
441 3152 593 3226 exercitus,
615 3172 710 3230 quam
735 3153 829 3212 suerat
853 3164 990 3212 senatus:
1022 3172 1092 3211 nam
1120 3171 1189 3211 cum
1217 3171 1284 3211 eam

283 3252 420 3314 iniuriam
442 3249 658 3311 dissimulando
681 3251 791 3310 Caesar
809 3249 904 3321 ferret,
925 3267 1070 3325 negauere
1092 3247 1199 3307 milites
1221 3247 1284 3308 sine

318 3411 390 3453 rest
402 3402 479 3452 etP:
499 3401 605 3450 essetA
696 3402 836 3461 4uolnere
847 3400 902 3448 ΑΡ
984 3416 1015 3448 10
1031 3416 1060 3449 se
1073 3401 1122 3450 hiis
1140 3400 1222 3452 seA:
1244 3403 1286 3452 his

283 3486 313 3519 se
324 3469 364 3518 P:
382 3469 454 3518 seiis
466 3476 492 3516 et
510 3467 604 3516 Orelli:
618 3482 652 3514 an
665 3467 705 3515 his
721 3471 796 3515 sesel
868 3483 894 3514 11
913 3467 1058 3515 comissaA
1128 3466 1235 3528 imperio
1247 3469 1283 3528 A,

284 3534 349 3584 unde
354 3534 438 3582 Halm
446 3534 503 3581 coni.
513 3533 598 3580 omnia
610 3533 776 3584 transmarina
786 3547 874 3580 eorum
884 3548 905 3580 c.
916 3532 1023 3593 imperio
1075 3547 1105 3592 13
1117 3533 1225 3581 Antonii
1234 3533 1289 3582 ΑΡ

286 3615 315 3661 15
333 3601 398 3661 reip.
417 3599 545 3647 Gelenius:
563 3613 630 3659 resp.
643 3596 701 3646 ,ΑΡ
799 3600 828 3646 18
845 3613 876 3645 ac
888 3597 943 3658 pari
954 3596 1013 3659 ΑΡ,
1029 3599 1117 3644 malim
1129 3614 1177 3646 nec
1189 3601 1285 3660 dispari

284 3681 315 3712 aa
333 3663 531 3713 auolantibusA
632 3678 664 3723 23
683 3663 861 3726 D.]DecioA
962 3678 994 3723 24
1014 3663 1092 3711 Hirtii
1102 3664 1157 3711 ΑΡ
1253 3681 1285 3726 27

285 3730 389 3792 adloqui
402 3729 456 3778 ΑΡ
520 3745 552 3790 29
570 3729 667 3778 Caesar
678 3729 802 3779 Gelenius:
821 3728 925 3777 Caesari
932 3727 1001 3777 AP:
1018 3729 1114 3777 Caesar
1125 3731 1181 3791 ipse
1192 3730 1275 3778 Halm

770 3856 801 3905 :9
