2810 4350
415 382 420 392 r
511 329 666 404 VELLEI
690 327 929 388 PATERCVLI

98 519 104 529 ¹
169 499 211 556 26
265 494 384 554 Deinde
408 497 546 555 consules
571 494 670 556 Carbo
692 494 810 554 tertium
832 507 861 555 et
883 496 917 556 C.
945 492 1066 566 Marius
1093 492 1223 570 septiens

224 593 354 652 consulis
378 593 464 666 filius,
489 613 585 652 annos
610 604 696 653 natus
718 611 806 666 xxvi,
831 593 876 652 uir
897 591 989 652 animi
1014 591 1106 668 magis
1131 589 1223 668 quain

223 689 290 749 aeui
324 689 447 765 paterni,
476 692 581 759 multa,
603 690 774 768 fortiterque
808 690 928 750 molitus
963 709 1061 766 neque
1095 709 1222 766 usquam

223 786 342 846 inferior
367 785 496 846 nominis
519 787 618 861 titulis,
638 789 719 865 apud
742 787 942 864 Sacriportum
966 788 1069 863 pulsus
1096 806 1114 845 a
1142 787 1224 845 Sulla

223 883 288 943 acie
302 887 468 958 Praeneste,
484 887 567 962 quod
580 897 649 946 ante
663 896 768 945 natura
786 885 934 945 munitum
953 883 1106 961 praesidiis
1128 885 1252 954 firma-5

197 993 314 1054 2uerat,
340 1002 372 1041 se
396 982 616 1058 exercitumque
640 982 773 1042 contulit.
816 1002 855 1042 ne
882 981 955 1059 quid
982 1001 1109 1058 usquam
1137 979 1223 1040 malis

223 1078 350 1155 publicis
365 1081 489 1153 deesset,
506 1079 536 1138 in
551 1100 610 1156 qua
624 1079 743 1140 ciuitate
763 1099 879 1156 semper
897 1079 1055 1139 uirtutibus
1078 1089 1222 1139 certatum

223 1187 293 1248 erat,
315 1177 672 1251 certabatursceleribus,
693 1177 883 1255 optimusque
906 1176 963 1236 sibi
985 1175 1150 1248 uidebatur,
1171 1175 1222 1253 qui

223 1275 316 1333 fuerat
343 1273 496 1350 pessimus.
540 1275 745 1352 quippedum
769 1276 819 1334 ad¹
833 1273 1032 1350 Sacriportum
1054 1273 1221 1346 dimicatur,

224 1370 424 1447 Damasippus
438 1383 553 1448 praetor
566 1371 732 1431 Domitium
747 1418 753 1431 .
770 1417 776 1431 .
793 1417 811 1444 .‚
827 1373 1001 1431 Scaeuolam
1016 1371 1114 1444 etiam,
1126 1370 1223 1448 ponti·
1239 1395 1270 1430 10

222 1469 310 1528 ficem
333 1467 494 1528 maximum
516 1480 545 1528 et
567 1468 662 1529 diuini
684 1468 866 1545 humanique
887 1468 956 1528 iuris
977 1479 1128 1528 auctorem
1148 1470 1223 1528 cele-

224 1565 391 1638 berrimum,
408 1576 437 1625 et
457 1567 490 1628 C.
508 1567 679 1627 Carbonem
697 1565 884 1643 praetorium,
901 1565 1031 1625 consulis
1049 1567 1176 1638 fratrem,
1193 1577 1222 1625 et

223 1654 385 1722 Antistium
399 1662 568 1723 aedilicium
588 1666 669 1723 uelut
689 1663 815 1722 fauentis
834 1665 933 1723 Sullae
950 1663 1081 1740 partibus
1096 1662 1126 1721 in
1142 1661 1223 1722 curia

194 1761 355 1824 aHostilia
376 1761 541 1821 trucidauit.
585 1782 646 1821 non
669 1763 773 1837 perdat
797 1761 974 1820 nobilissimi
1000 1761 1070 1820 facti
1097 1759 1221 1838 gloriam

223 1857 391 1935 Calpurnia,
422 1858 538 1918 Bestiae
565 1858 633 1932 filia,
663 1879 735 1918 uxor
763 1857 881 1931 Antisti,
910 1879 987 1936 quae
1017 1858 1157 1936 iugulat0,
1187 1867 1266 1930 ut15

223 1955 429 2034 praediximus,
445 1955 509 2014 uiro
528 1956 627 2032 gladio
647 1976 678 2015 se
697 1954 761 2033 ipsa
779 1955 929 2015 transfixit.
973 1966 1118 2033 quantum
1132 1954 1220 2014 huius

222 2052 331 2134 gloriae
346 2055 501 2130 famaeque
513 2053 638 2113 accessit
653 2073 733 2113 nunc
750 2053 858 2113 uirtute
876 2053 1022 2113 feminae!
1044 2074 1092 2113 nec
1104 2052 1223 2130 propria

222 2153 300 2210 latet.

17 2242 25 2266 ¹
169 2259 207 2318 27
263 2250 303 2306 At
319 2247 442 2306 Pontius
457 2247 621 2320 Telesinus,
638 2248 698 2307 dux
716 2247 901 2320 Samnitium,
917 2248 962 2307 uir
980 2247 1072 2308 animi
1091 2248 1222 2325 bellique

222 2344 397 2404 fortissimus
419 2344 597 2421 penitusque
620 2348 760 2405 Romano
781 2344 896 2405 nomini
916 2344 1129 2418 infestissimus,
1153 2365 1222 2405 con·
1238 2372 1268 2405 ιο

223 2442 321 2500 tractis
341 2441 454 2501 circiter
471 2460 513 2500 xe
534 2444 649 2501 mr'lr'bus
667 2441 842 2503 fortissimae
860 2442 1171 2520 pertinacissimaeque
1189 2442 1220 2501 in

258 2630 268 2662 1
288 2608 348 2664 Co's.
362 2615 387 2661 A
400 2631 406 2662 :
424 2615 519 2664 COSS.
531 2614 558 2662 P
620 2617 648 2666 C.
661 2615 757 2664 Marius
769 2617 883 2678 septiens
896 2616 956 2673 (-ies
968 2615 1002 2679 P)
1015 2616 1119 2666 CONS.
1132 2615 1219 2678 (COS.

222 2679 256 2742 P)
266 2681 291 2727 A
295 2679 321 2726 P
383 2696 399 2740 3
416 2681 478 2728 aeui*
486 2680 540 2728 ΑΡ
552 2681 654 2744 ‘quippe
663 2683 709 2743 qui
718 2682 856 2729 adulescens
866 2682 1024 2743 iuteremptus
1035 2687 1133 2745 patrem
1145 2686 1222 2728 aetate

223 2762 273 2793 non
285 2745 436 2808 aequauerit’
454 2746 552 2794 Milkau
559 2755 584 2809 p.
597 2762 629 2808 95
645 2752 667 2794 et
679 2748 714 2794 sic
725 2745 778 2794 aa'm
790 2747 901 2795 Lauren!
916 2752 939 2794 et
954 2746 1055 2796 Sainer
1064 2754 1089 2809 p.
1103 2761 1152 2808 45:
1176 2746 1219 2794 fati

222 2811 358 2860 Heinsius:
386 2813 472 2872 ingeni
486 2812 577 2861 Orelli:
600 2812 681 2874 magis
693 2813 764 2860 saeui
777 2828 852 2873 quarn
865 2828 888 2874 p.
901 2811 1012 2872 Beruays
1088 2813 1220 2873 4nomine

222 2877 287 2924 stilis
296 2877 322 2923 A
335 2882 362 2924 ut
377 2877 441 2924 mihi
451 2879 535 2924 uisum
551 2883 602 2926 est:
619 2878 683 2926 st'lls
696 2883 724 2926 ut
736 2879 847 2926 Fechtero
858 2896 864 2926 ι
876 2878 938 2925 sulis
953 2882 981 2924 ut
993 2877 1097 2927 Orellio:
1115 2878 1219 2925 nomine

223 2943 335 2990 consulis
344 2942 382 2990 P:
400 2943 504 2990 nomine
516 2959 571 2993 suo.
587 2945 612 2992 Is
623 2944 711 2992 Orelli:
729 2945 838 2992 nominis
851 2943 929 2992 titulis
938 2943 1023 3005 smpsi
1114 2958 1129 3003 5
1147 2942 1220 3005 ante]

222 3015 277 3056 arte
295 3016 321 3056 et
337 3007 429 3070 Haase,
445 3013 468 3056 et
483 3009 517 3055 sic
530 3009 630 3071 Bentley
646 3010 672 3058 iu
687 3009 721 3058 ed.
739 3009 828 3059 Heius.
934 3010 951 3055 6
967 3023 1078 3068 unquam
1095 3007 1154 3068 ΑΡ,
1173 3025 1220 3058 em.

222 3071 351 3121 Puteanus
466 3075 604 3135 7publicis
630 3074 656 3122 P
675 3080 698 3123 et
720 3075 745 3121 A
769 3075 796 3122 iu
820 3091 868 3137 quo
891 3074 959 3136 quod
979 3074 1078 3135 publice
1103 3075 1220 3138 scriptum

223 3139 323 3186 tradidit
341 3139 423 3200 Oula,
442 3139 551 3203 deceptus
565 3145 600 3188 est
616 3141 772 3203 compendio:
795 3141 830 3187 sic
840 3139 981 3202 adsumptis
998 3156 1038 3200 32.
1056 3155 1071 3200 4
1191 3157 1221 3188 10

224 3203 363 3251 Domitium
386 3205 554 3268 consularem,
580 3206 729 3254 Scaevolam
756 3205 867 3253 Mucium
893 3206 960 3268 (om,
982 3206 1068 3268 etiam)
1097 3204 1220 3253 Ruhnken

224 3270 255 3315 16
271 3270 327 3331 ipsa
344 3268 388 3318 A:
406 3271 487 3331 ipsam
503 3269 530 3317 P
634 3286 662 3332 17
680 3271 770 3318 ianuile
786 3271 910 3333 famaeque
927 3270 953 3317 A
973 3270 1027 3333 (sic)
1110 3270 1220 3318 feminae

224 3349 272 3381 nec
295 3335 399 3396 propria
421 3336 530 3384 Thomas
552 3336 624 3384 ualde
639 3338 809 3400 probabiliter:
838 3337 933 3384 eminet
952 3337 1034 3398 patria
1052 3334 1119 3384 AP:
1152 3352 1219 3383 nunc

223 3400 318 3447 uirtute
330 3400 439 3449 feminae
451 3402 553 3463 propria
565 3408 635 3463 patet
646 3402 739 3465 Haupt
824 3416 855 3463 19
872 3403 948 3450 animi
960 3400 1015 3448 ΑΡ
1022 3418 1028 3449 :
1048 3401 1126 3448 ‘alias
1137 3402 1220 3449 domi’

222 3464 377 3514 Rhenanus:
394 3467 472 3514 animi
481 3467 620 3516 acerrimus
628 3467 737 3518 Scn'ner:
753 3467 831 3516 animi
839 3468 991 3516 fortissimus
1000 3467 1110 3527 bellique
1123 3467 1220 3528 peritus

222 3529 316 3579 Haase.
356 3531 409 3579 Sed
433 3534 535 3593 penitus
557 3539 592 3580 est
616 3534 721 3582 ‘intima
743 3531 843 3581 mente'
866 3539 894 3580 ut
915 3532 1018 3580 ostendit
1041 3533 1069 3581 G.
1093 3532 1128 3581 A.
1152 3533 1220 3579 Koch

223 3595 332 3656 Quaestt.
357 3595 414 3644 Vell.
428 3605 454 3659 p.
477 3612 504 3643 11
602 3615 635 3647 ao
652 3614 759 3647 romano
776 3616 806 3646 ex
822 3613 983 3647 romanorum
1000 3597 1026 3644 A
1126 3612 1156 3646 21
1175 3613 1217 3648 xi..

222 3660 264 3712 A:
283 3660 324 3709 ᾗ.
338 3660 378 3710 P:
395 3662 543 3726 ffrLipsius

703 3825 742 3874 44
