3050 4350
682 331 812 389 LIBER
834 329 867 388 II

264 515 375 556 annum
396 493 585 568 tricesimum,
601 493 704 571 rapuit.
748 496 842 554 moles
857 492 966 554 deinde
982 489 1069 574 [eius]
1084 492 1155 553 belli
1173 503 1263 553 trans·
1276 521 1292 569 4

265 596 323 654 lata
349 593 381 653 in
406 597 559 654 Neronem
587 605 647 654 est:
679 595 762 670 quod
786 592 810 652 is
835 613 888 652 sua
912 603 941 652 et
965 591 1073 652 uirtute
1095 603 1124 651 et
1146 594 1264 651 fortuna

265 691 481 753 administrauit
500 703 728 769 peragratusque
749 689 844 750 uictor
863 689 960 750 omnis
979 689 1068 767 partis
1086 689 1263 750 Germaniae

264 788 328 849 sine
352 791 414 849 ullo
439 789 617 850 detrimento
641 787 792 849 commissi
820 787 971 860 exercitus,
997 789 1080 864 quod
1106 785 1264 864 praecipue

237 903 252 952 5
265 887 334 947 huic
349 887 418 948 duci
433 907 550 964 semper
560 907 647 946 curae
657 885 720 959 fuit,
731 885 773 945 sic
783 884 952 962 perdomuit
963 905 1038 958 eam,
1050 896 1083 944 ut
1097 883 1127 943 in
1138 887 1274 945 formam·

266 1006 361 1063 paene
389 984 596 1063 stipendiariae
624 984 768 1062 redigeret
795 983 973 1061 prouinciae.
1027 995 1091 1043 tum
1119 986 1193 1044 alter
1219 982 1266 1043 tri-

267 1086 396 1160 umphus
411 1085 480 1144 cum
494 1086 586 1143 altero
601 1084 756 1142 consulatu
771 1081 799 1141 ei
813 1082 930 1141 oblatus
945 1091 997 1140 est.

309 1184 391 1240 Dum
415 1201 459 1254 ea,
482 1201 560 1258 quae
584 1179 720 1252 diximus,
743 1178 774 1238 in
799 1177 955 1238 Pannonia
977 1177 1196 1254 Germaniaque
1220 1197 1267 1254 ge
1281 1177 1322 1250 98

268 1289 378 1350 runtur‚
394 1289 476 1337 atrox
490 1276 522 1337 in
536 1276 663 1337 Thracia
677 1278 788 1337 bellum
808 1287 914 1348 ortum,
930 1274 1070 1334 omnibus
1089 1275 1152 1335 eius
1171 1274 1266 1352 gentis

225 1400 255 1435 ιο
268 1375 439 1435 nationibus
463 1375 494 1435 in
518 1396 600 1436 arma
623 1375 764 1448 accensis,
791 1377 824 1434 L.
849 1373 974 1448 Pisonis,
998 1394 1087 1451 quem
1116 1374 1267 1451 hodieque

268 1475 526 1552 diligentissimum
545 1486 635 1552 atque
653 1476 784 1539 eundem
801 1472 984 1533 lenissimum
1004 1473 1166 1533 securitatis
1183 1475 1268 1556 urba-

268 1593 323 1633 nae
345 1575 500 1634 custodem
522 1574 676 1646 habemus,
699 1572 791 1632 uirtus
813 1571 986 1649 compressit
1010 1572 1133 1651 (quippe
1154 1575 1293 1650 legatusa

268 1671 402 1734 Caesaris
427 1671 554 1732 triennio
582 1692 651 1731 cum
680 1671 725 1730 his
747 1670 868 1731 bellauit
892 1671 1048 1749 gentisque
1072 1671 1267 1732 ferocissimas

267 1769 395 1845 plurimo
406 1789 475 1828 cum
490 1789 590 1828 earum
605 1767 720 1828 excidio
732 1789 812 1828 nunc
825 1767 897 1842 acie,
910 1789 991 1828 nunc
1001 1769 1268 1846 expugnationibus

223 1887 253 1936 15
267 1867 298 1925 in
312 1866 469 1944 pristinum
483 1866 564 1943 pacis
579 1865 691 1943 redegit
705 1863 852 1944 modum),
864 1865 987 1942 eiusque
1001 1865 1165 1943 patratione
1180 1866 1269 1926 Asiae

268 1965 464 2038 securitatem,
482 1964 681 2025 Macedoniae
695 1983 800 2041 pacem
815 1963 952 2024 reddidit.
996 1966 1110 2041 dequo
1129 1965 1194 2025 uiro
1211 1966 1297 2030 hoca

268 2063 408 2123 omnibus
423 2063 612 2123 sentiendum
629 2083 665 2122 ac
683 2062 917 2140 praedicandum
936 2074 989 2136 est,
1005 2083 1069 2123 esse
1089 2085 1186 2124 mores
1205 2064 1268 2124 eius

268 2161 369 2238 uigore
397 2182 432 2221 ac
457 2161 578 2222 lenitate
602 2160 793 2221 mixtissimos
818 2173 846 2221 et
871 2160 921 2221 uix
943 2182 1124 2239 quemquam
1149 2162 1268 2240 reperiri

269 2278 365 2335 posse,
390 2258 442 2336 qui
469 2270 520 2318 aut
545 2258 639 2319 otium
664 2258 790 2318 ualidius
812 2258 914 2335 diligat
937 2270 989 2318 aut
1009 2259 1123 2319 facilius
1145 2259 1269 2319 sufficiat

225 2377 257 2412 πο
270 2356 390 2433 negotio
412 2368 441 2417 et
458 2356 551 2434 magis
566 2377 643 2435 quae
661 2358 778 2434 agenda
796 2368 865 2417 sunt
884 2369 966 2417 curet
985 2357 1049 2417 sine
1066 2360 1126 2418 ulla
1143 2369 1270 2418 ostenta-

267 2454 349 2514 tione
362 2455 478 2532 agendi
1108 2471 1111 2478 '

310 2557 399 2618 Breui
431 2557 585 2618 interiecto
618 2557 713 2635 spatio
741 2557 786 2616 Ti.
812 2559 893 2617 Nero
922 2558 1040 2618 duobus
1065 2559 1267 2620 consulatibus
1283 2573 1329 2631 99

270 2655 455 2734 totidemque
469 2657 625 2735 triumphis
639 2658 712 2719 actis
723 2659 897 2720 tribuniciae
911 2661 1064 2738 potestatis
1079 2662 1269 2722 consortione

270 2766 413 2831 aequatus
427 2758 572 2832 Augusto,
588 2755 698 2817 ciuium
715 2771 784 2835 post
802 2779 904 2832 unum,
921 2770 950 2819 et
969 2761 1035 2834 hoc,
1052 2760 1122 2838 quia
1140 2761 1268 2834 uolebat,

227 2870 257 2919 ²5
271 2852 531 2926 eminentissimus,
561 2856 671 2915 ducum
705 2857 858 2930 maximus,
887 2860 966 2917 fama
993 2861 1169 2936 fortunaque
1198 2862 1271 2919 cele-

271 2950 414 3011 berrimus
429 2962 458 3010 et
472 2972 542 3011 uere
555 2954 679 3012 alterum
699 2954 740 3013 rei
759 2954 896 3030 publicae
915 2957 1017 3015 lumen
1034 2967 1062 3015 et
1085 2968 1182 3033 caput,
1198 2956 1298 3016 mira2

271 3050 401 3126 quadam
416 3060 446 3107 et
460 3048 626 3110 incredibili
639 3062 729 3128 atque
744 3051 931 3111 inenarrabili
941 3052 1059 3129 pietate,
1070 3053 1154 3113 cuius
1165 3075 1271 3113 causae

273 3166 341 3205 mox
363 3148 497 3206 detectae
518 3159 595 3221 sunt,
615 3169 683 3208 cum
706 3150 739 3211 C.
757 3152 866 3211 Caesar
883 3151 1056 3227 sumpsisset
1077 3151 1135 3211 iam
1157 3152 1271 3212 uirilem

273 3255 381 3322 togam,
406 3244 516 3305 Lucius
541 3245 612 3306 item
637 3258 768 3307 maturus
793 3261 870 3309 esset
893 3248 998 3322 †uiris‚
1022 3271 1061 3310 ne
1083 3253 1177 3328 fulgor
1202 3272 1272 3312 suus

322 3389 368 3431 eius

240 3441 243 3450 “
306 3456 317 3487 1
371 3442 431 3489 belli
445 3441 497 3504 (sic)
511 3442 537 3490 A
550 3461 555 3491 :
565 3443 675 3504 sortasse
686 3446 742 3493 eius
753 3446 916 3494 omittendum
928 3452 979 3494 erat
1076 3458 1273 3511 3peruagatus·

271 3521 321 3567 que
330 3506 456 3554 Ruhnken
522 3511 604 3556 omnis
614 3510 727 3570 partisA
788 3512 926 3572 6peneA
977 3515 1115 3574 regeretA
1174 3517 1274 3577 8quae

272 3572 484 3633 praediximus?
549 3589 579 3622 10
597 3575 668 3623 Lucii
679 3574 734 3623 ΑΡ
799 3591 829 3637 13
847 3578 885 3624 his
897 3577 964 3626 AP:
982 3579 1013 3626 iis
1024 3579 1106 3628 Halm
1172 3591 1273 3640 gentes-

272 3638 388 3697 queAP
450 3640 479 3685 18
493 3638 577 3699 rigore
593 3640 697 3688 Vrsinus
758 3642 964 3691 aaTi.P:T.A
1019 3659 1052 3704 29
1065 3644 1170 3694 Luciusl
1181 3647 1209 3696 L.
1222 3647 1277 3694 ΑΡ

274 3703 335 3750 uiris
347 3703 415 3752 AP:
433 3705 529 3752 ueritus
545 3705 699 3753 Vascosanus
709 3723 715 3754 ι
727 3708 825 3755 uiribus
836 3707 971 3769 Bspontina
988 3709 1021 3759 ed.
1033 3728 1039 3758 ε
1057 3712 1124 3758 curis
1138 3712 1274 3760 Heinsius:

274 3768 327 3828 uir;
340 3770 361 3816 is
369 3769 482 3817 Laurent
490 3787 495 3819 ι
500 3771 609 3830 fortasse
617 3771 709 3820 Lucius
717 3773 801 3821 eidem
810 3780 925 3822 maturus
933 3782 1009 3838 esset,
1019 3776 1088 3824 uiris
1097 3777 1137 3841 (sc.
1146 3777 1273 3836 Tiberius)

740 3863 788 3916 109
