3050 4350
613 374 618 381 .
681 317 811 379 LIBER
833 319 866 378 11

281 503 349 544 cum
364 483 499 562 protinus
513 504 549 545 ex
559 483 666 544 uicinis
677 484 845 562 legionibus
856 483 1044 544 centuriones
1056 502 1139 544 suam
1151 502 1283 544 suorum·
1298 501 1311 552 5

281 602 339 660 que
354 581 482 642 militum
497 601 617 659 operam
630 581 657 642 ei
671 581 880 659 pollicerentur
895 601 993 658 neque
1004 600 1070 642 eam
1085 581 1283 658 spernendam

282 680 469 741 Saluidienus
491 693 520 740 et
541 679 673 758 Agrippa
690 680 831 754 dicerent,
850 680 899 740 ille
920 679 1063 740 festinans
1081 677 1235 757 peruenire
1252 677 1284 736 in

282 778 387 837 urbem
396 797 517 837 omnem
530 775 747 837 ordinationem
762 789 792 838 et
806 777 888 837 necis
902 788 932 837 et
951 777 1120 838 testamenti
1135 774 1285 836 Brundisii

253 896 266 944 5
282 873 434 952 comperit.
466 874 697 935 cuiaduentanti
708 879 837 936 Romam
847 875 974 936 inmanis
984 875 1147 935 amicorum
1159 872 1285 934 occurrit
1298 883 1314 933 6

282 973 456 1050 frequentia,
466 985 496 1033 et
507 993 575 1033 cum
585 972 705 1034 intraret
714 975 828 1047 urbem,
841 972 911 1034 solis
926 974 1006 1034 orbis
1020 992 1109 1051 super
1118 984 1208 1050 caput
1222 972 1285 1032 eius

283 1082 422 1131 curuatus
444 1071 605 1148 aequaliter
621 1073 857 1150 rotundatusque
874 1072 905 1132 in
922 1075 1079 1132 tcolorem
1096 1092 1182 1132 arcus
1203 1073 1285 1131 uelut

283 1187 424 1228 coronam
440 1167 514 1228 tanti
528 1188 602 1229 mox·
611 1168 667 1228 uiri
681 1169 769 1246 capiti
783 1169 942 1246 imponens
956 1181 1133 1246 conspectus
1148 1180 1200 1229 est.

325 1269 396 1326 Non
405 1266 542 1342 placebat
551 1265 638 1326 Atiae
647 1266 732 1326 matri
742 1266 940 1344 Philippoque
949 1265 1054 1326 uitrico
1062 1265 1136 1326 adiri
1149 1268 1282 1335 tnomen
1297 1272 1340 1330 60

240 1391 271 1426 ro
285 1363 450 1424 inuidiosae
474 1365 609 1424 fortunae
634 1363 777 1438 Caesaris,
803 1367 855 1425 sed
881 1365 1058 1425 adserebant
1082 1362 1219 1424 salutaria
1242 1362 1284 1422 rei

285 1462 422 1540 publicae
439 1473 641 1539 terrarumque
656 1463 735 1524 orbis
754 1465 814 1523 sata
832 1463 1018 1524 conditorem
1036 1472 1286 1523 consematorem-

286 1579 345 1637 que
378 1558 509 1620 Romani
542 1559 679 1620 nominis.
736 1560 847 1637 spreuit
878 1560 979 1638 itaque
1007 1559 1141 1620 caelestis
1169 1557 1314 1618 animust

286 1660 418 1716 humana
431 1656 555 1716 consilia
574 1667 603 1716 et
622 1677 691 1716 cum
708 1657 840 1734 periculo
859 1657 958 1734 potius
976 1675 1093 1716 summa
1112 1676 1202 1732 quam
1222 1665 1287 1714 tuto

287 1753 411 1813 humilia
431 1753 585 1830 proposuit
606 1753 691 1831 sequi
709 1754 873 1831 maluitque
893 1756 1044 1814 auunculo
1061 1764 1090 1813 et
1110 1750 1230 1814 Caesari
1249 1753 1288 1811 de

243 1881 273 1930 15
288 1873 320 1912 se
341 1870 432 1928 quam
453 1851 559 1912 uitrico
580 1854 708 1926 credere,
731 1852 869 1913 dictitans
890 1854 973 1912 nefas
994 1872 1067 1925 esse,
1088 1870 1149 1928 quo
1166 1848 1288 1910 nomine

289 1948 409 2012 Caesari
423 1948 530 2026 dignus
551 1961 629 2010 esset
646 1949 737 2023 uisus,
753 1950 872 2010 sibimet
889 1949 986 2028 ipsum
1007 1949 1164 2027 indignum
1184 1947 1286 2008 uideri.

289 2048 369 2106 hunc
393 2044 528 2122 protinus
552 2046 702 2107 Antonius
723 2050 828 2107 consul
849 2048 975 2124 superbe
996 2047 1111 2124 excepit
1133 2046 1243 2125 (neque
1264 2045 1318 2113 iss

290 2155 351 2203 erat
365 2153 563 2219 contemptus,
579 2145 633 2204 sed
647 2144 757 2223 metus)
772 2144 881 2222 uixque
894 2144 1026 2205 admisso
1043 2144 1074 2203 in
1089 2143 1289 2220 Pompeianos

289 2241 391 2300 hortos
418 2241 562 2317 loquendi
590 2261 692 2301 secum
721 2253 838 2319 tempus
866 2242 958 2315 dedit,
987 2261 1057 2302 mox
1087 2240 1176 2302 etiam
1207 2243 1290 2300 uelut

244 2363 276 2398 20
289 2337 404 2397 insidiis
438 2337 502 2397 eius
536 2338 645 2415 petitus
676 2342 800 2400 sceleste
830 2338 999 2400 insimulare
1030 2338 1137 2415 coepit,
1166 2337 1197 2397 in
1228 2357 1289 2415 quo

290 2434 412 2511 turpiter
436 2437 582 2512 deprensa
605 2435 668 2497 eius
693 2437 808 2497 uanitas
829 2448 881 2498 est.
924 2448 1025 2514 aperte
1046 2436 1156 2496 deinde
1175 2434 1318 2502 Antoni4

289 2552 325 2592 ac
340 2533 516 2593 Dolabellae
529 2537 685 2594 consulum
703 2537 742 2595 ad
761 2536 921 2595 nefandam
939 2532 1174 2595 dominationem
1194 2532 1290 2609 erupit

289 2632 377 2690 furor.
420 2631 587 2691 sestertium
604 2632 734 2709 septiens
750 2633 876 2706 miliens,
892 2632 1061 2710 depositum
1079 2651 1097 2691 a
1111 2633 1145 2694 C.
1163 2633 1290 2692 Caesare

290 2729 329 2787 ad
349 2728 456 2788 aedem
474 2728 557 2805 Opis,
576 2740 754 2806 occupatum
775 2731 815 2790 ab
835 2729 978 2803 Antonio,
999 2741 1133 2789 actorum
1155 2728 1289 2788 eiusdem

325 2898 337 2930 1
356 2898 429 2931 suam
443 2883 567 2935 Gelenius:
585 2901 644 2933 suas
655 2885 710 2933 ΑΡ
821 2902 837 2934 a
854 2885 1007 2948 pollicentur
1018 2882 1087 2933 BA:
1107 2884 1291 2946 pollicerentur

291 2947 321 3004 P,
342 2949 418 3010 mado,
438 2965 468 2996 ex
486 2950 578 2999 emend
599 2950 718 2999 Rhenam'
830 2968 846 3012 4
864 2951 981 2999 ordinem
993 2967 1023 2999 ac
1035 2951 1160 2998 rationem
1172 2949 1292 2997 Muncker

292 3013 431 3062 Brundusii
451 3013 506 3061 ΑΡ
609 3018 625 3063 6
642 3023 668 3064 et
687 3032 745 3065 cum
759 3015 866 3065 intraret
878 3018 968 3064 urbem
983 3032 1034 3064 om.
1050 3017 1076 3064 in
1094 3020 1169 3072 textu,
1187 3015 1243 3064 add.
1262 3015 1288 3062 in

291 3079 410 3142 marg.A
505 3082 652 3142 7rutilatus
666 3082 694 3131 G.
706 3081 741 3132 A.
755 3083 840 3131 Koch:
857 3083 969 3131 radiatus
984 3080 1098 3129 Willrelm
1153 3080 1180 3128 in
1193 3095 1290 3128 morem

290 3160 367 3193 arcus
378 3142 472 3194 Bothe:
489 3146 515 3193 in
527 3147 649 3195 circulum
660 3163 734 3196 arcus
753 3147 853 3197 Halm:
880 3147 908 3210 fi
931 3146 989 3197 Sen.
1009 3145 1067 3194 Nat.
1080 3146 1122 3208 Qu
1141 3146 1158 3195 i.
1170 3161 1193 3194 a.
1208 3159 1219 3191 1
1238 3161 1290 3193 me·

291 3211 389 3258 moriae
396 3211 524 3272 proditum
532 3220 579 3274 est,
588 3227 640 3274 quo
651 3214 693 3261 die
704 3213 794 3261 urbem
801 3214 875 3261 diuus
884 3213 1016 3273 Augustus
1023 3210 1162 3273 Apollonia
1170 3225 1290 3259 reuersus

291 3275 402 3328 intrauit
423 3277 490 3325 circa
507 3278 586 3326 solem
612 3280 696 3328 uisum
717 3279 811 3327 coloris
835 3279 898 3327 uarii
917 3278 1046 3339 circulum,
1071 3277 1153 3338 qualis
1178 3291 1235 3325 esse
1262 3277 1289 3324 in

291 3356 351 3389 arcu
370 3342 456 3390 solet:
479 3344 658 3393 uersicolorem
678 3360 765 3393 arcum
781 3344 856 3392 Hml
933 3342 1057 3404 8inp.A
1134 3358 1165 3390 10
1181 3341 1290 3389 inuidio-

291 3421 348 3456 sum
369 3405 471 3455 δαίων
536 3425 565 3457 ra
581 3409 724 3471 spraeuitA
795 3424 824 3471 15
841 3410 933 3459 cedere
943 3407 1003 3468 ΑΡ,
1015 3424 1063 3458 em.
1074 3407 1188 3456 Gelenius
1260 3410 1290 3456 16

1107 3489 1121 3512 G

291 3522 394 3570 sibimet
414 3521 520 3573 Vrsinus
531 3530 554 3572 el
563 3523 682 3588 Bentley:
698 3533 781 3574 semet
798 3525 853 3574 ΑΡ
915 3477 1048 3586 indigiium
1060 3524 1142 3572 uideri
1152 3523 1178 3572 A
1188 3522 1294 3572 Retinua'

292 3587 403 3635 ordinem
415 3590 516 3650 qur'juit
526 3597 583 3638 ante
592 3593 696 3654 scriptas
706 3595 724 3644 β
735 3611 751 3638 α
763 3592 860 3652 litteras,
878 3592 968 3653 qualus
982 3590 1155 3640 inuadendum
1170 3605 1227 3638 eum
1241 3605 1290 3637 esse

292 3653 443 3714 significauit
452 3654 591 3703 Amerbaclr
666 3657 748 3706 uideri
765 3657 898 3719 indignum
909 3655 936 3704 P
997 3671 1026 3717 17
1044 3654 1145 3704 COSA
1157 3673 1164 3704 ε
1181 3655 1257 3703 COS.
1266 3653 1293 3701 P
1300 3678 1302 3683 ·

292 3717 388 3779 excipit
399 3718 458 3780 ΑΡ,
472 3737 517 3770 em.
532 3719 635 3770 Cludr'us
764 3738 794 3771 21
813 3723 976 3784 deprehensa
987 3721 1042 3769 ΑΡ
1120 3719 1228 3770 Antonii
1238 3719 1292 3768 ΑΡ

292 3797 325 3845 23
342 3785 489 3834 sestertium
501 3787 617 3848 septiens
627 3787 654 3836 A
666 3805 673 3837 ε
691 3787 753 3838 5-Η
766 3789 864 3850 septies
875 3787 901 3836 P
964 3787 1046 3836 milies
1056 3786 1111 3835 ΑΡ

778 3876 808 3930 ll
