3050 4350
558 327 714 386 VELLEI
737 327 978 388 PATERCVLI

260 487 319 570 per
340 494 498 554 Caesarem
518 493 564 553 M.
589 490 720 569 Lepidus
744 494 909 569 praefectus
934 503 986 566 est,
1013 491 1058 552 uir
1079 491 1209 553 nominis
1231 513 1267 554 ac

266 591 401 650 fortunae
420 592 544 652 deorum
565 589 723 667 proximus
740 608 830 665 quem
851 587 882 647 in
903 600 1048 666 quantum
1069 588 1195 666 quisque
1216 602 1267 650 aut

267 707 447 764 cognoscere
460 698 512 747 aut
522 686 690 764 intellegere
704 685 809 762 potuit,
822 685 853 745 in
868 697 983 746 tantum
992 685 1114 746 miratur
1124 707 1160 747 ac
1171 687 1267 766 diligit

267 797 477 863 tantorumque
486 783 766 861 nominum,quibus
775 795 856 844 ortus
865 795 917 858 est,
928 784 1136 845 ornamentum
1144 785 1264 846 iudicat

208 909 255 967 115
309 886 418 946 Caesar
439 887 478 945 ad
497 886 618 944 alteram
639 883 710 944 belli
731 883 890 944 Delmatici
904 887 1015 944 molem
1029 884 1163 945 animum
1177 897 1294 963 atque5
1349 879 1356 902 ‘

267 1005 349 1046 arma
376 985 508 1046 contulit.
552 985 583 1045 in
611 1005 670 1062 qua
697 985 816 1062 regione
844 983 924 1062 quali
951 985 1086 1046 adiutore
1110 987 1267 1063 legatoque

267 1084 353 1142 lratre
368 1103 437 1143 meo
452 1082 554 1160 Magio
569 1083 673 1144 Celere
687 1081 842 1142 Velleiano
860 1102 931 1142 usus
950 1081 996 1156 sit,
1011 1081 1103 1159 ipsius
1117 1082 1267 1160 patrisque

267 1182 330 1242 eius
352 1181 572 1259 praedicatione
586 1193 725 1241 testatum
743 1193 787 1241 est
801 1192 831 1241 et
844 1180 1093 1258 amplissimorum
1108 1184 1265 1255 donorum,

267 1280 376 1358 quibus
398 1280 674 1357 triumphans'eum
698 1281 807 1341 Caesar
833 1279 965 1353 donauit,
992 1278 1087 1358 signat
1114 1280 1264 1341 memoria

242 1378 352 1439 einitio
373 1377 491 1440 aestatis
514 1377 645 1456 Lepidus
667 1381 776 1440 educto
797 1377 928 1438 hibernis
949 1379 1077 1438 exercitu
1099 1399 1151 1456 per
1171 1379 1266 1456 gentis
1282 1402 1313 1438 ro

268 1477 394 1554 integras
422 1476 611 1554 inmunisque
639 1479 738 1537 adhuc
766 1478 851 1537 clade
879 1476 949 1535 belli
976 1488 1006 1536 et
1033 1496 1071 1537 eo
1098 1477 1204 1537 ferocis
1230 1497 1267 1538 ac

267 1576 356 1636 trucis
376 1579 501 1637 tendens
520 1578 559 1636 ad
573 1575 727 1636 Tiberium
745 1575 953 1653 imperatorem
968 1587 1080 1636 etcum
1095 1575 1267 1638 difficultate

267 1678 401 1736 locorum
429 1687 459 1735 et
486 1695 555 1735 cum
583 1674 614 1736 ui
641 1674 771 1735 hostium
800 1676 935 1747 luctatus,
959 1695 1067 1752 magna
1091 1695 1160 1735 cum
1183 1677 1267 1736 clade

268 1771 475 1833 obsistentium
504 1771 607 1832 excisis
634 1771 718 1849 agris,
747 1771 857 1832 exustis
886 1771 1037 1846 aedificiis,
1067 1771 1159 1832 caesis
1187 1771 1265 1846 uiris,

268 1874 362 1932 laetus
386 1870 510 1931 uictoria
534 1873 703 1948 praedaque
725 1882 850 1931 onustus
874 1870 1010 1948 peruenit
1033 1872 1072 1932 ad
1098 1872 1264 1943 Caesarem,
1283 1888 1313 1938 15

243 1980 298 2039 3et
320 1969 360 2028 ob
384 1988 427 2041 ea,
453 1987 530 2045 quae
555 1967 579 2027 si
603 1967 727 2045 propriis
751 1967 889 2045 gessisset
912 1966 1059 2045 auspiciis,
1086 1967 1266 2045 triumphare

268 2069 419 2139 debuerat,
430 2066 610 2126 ornamentis
620 2066 845 2144 triumphalibus
857 2056 1061 2126 consentiente
1076 2087 1145 2126 cum
1156 2065 1266 2126 iudicio

240 2166 435 2246 ,principum
463 2167 617 2225 uoluntate
645 2177 764 2225 senatus
787 2186 802 2220 e
825 2185 839 2220 e
862 2176 914 2224 est.
958 2164 1008 2224 illa
1026 2175 1121 2224 aestas
1146 2163 1265 2224 maximi

268 2265 337 2325 belli
352 2263 572 2325 consummauit
589 2265 728 2323 effectus:
761 2261 872 2340 quippe
893 2265 1033 2322 Perustae
1055 2274 1085 2323 et
1106 2261 1265 2323 Desitiates

268 2364 432 2435 Delmatae,
459 2360 516 2421 situ
539 2363 672 2421 locorum
694 2380 730 2420 ac
755 2359 910 2432 montium,
933 2359 1118 2437 ingeniorum
1146 2358 1263 2432 ferocia,
1281 2382 1312 2417 πο

267 2463 341 2523 mira
354 2463 443 2524 etiam
458 2462 610 2540 pugnandi
625 2461 748 2523 scientia
761 2472 791 2521 et
809 2461 967 2539 praecipue
981 2460 1122 2540 angustiis
1137 2463 1264 2521 saltuum

268 2580 363 2639 paene
385 2559 636 2638 inexpugnabiles,
660 2581 721 2620 non
744 2559 803 2619 iam
826 2561 927 2632 ductu,
943 2562 996 2621 sed
1019 2557 1156 2619 manibus
1177 2571 1268 2636 atque

267 2658 356 2720 annis
378 2658 469 2736 ipsius
490 2658 624 2720 Caesaris
646 2670 709 2718 tum
731 2661 853 2718 demum
875 2657 971 2735 pacati
989 2670 1065 2731 sunt,
1082 2678 1150 2717 cum
1172 2677 1267 2734 paene

240 2758 401 2834 5funditus
426 2756 521 2817 euersi
543 2760 646 2817 forent.
689 2756 764 2816 nihil
788 2756 819 2816 in
841 2758 900 2816 hoc
922 2768 1005 2817 tanto
1028 2757 1116 2829 hello,
1138 2755 1212 2815 nihil
1236 2755 1267 2815 in
1345 2781 1347 2786 ·

302 2913 473 2976 rperaddide'
525 2913 559 2962 M.
574 2913 629 2962 add.
643 2912 727 2961 Burer
780 2912 881 2975 pref.A
933 2911 1029 2959 nomini
1041 2911 1171 2959 Aee‘dale'us
1252 2927 1267 2958 a

268 2981 374 3029 deorum
387 2978 498 3027 Lauren!
506 2997 512 3028 r
530 2995 619 3028 eorum
631 2978 698 3028 AP:
732 2979 871 3028 Caesarum
883 2976 990 3040 Scheffer
1076 2993 1134 3024 max
1146 2976 1198 3042 det,
1212 2976 1267 3025 dnn

267 3045 399 3108 proximus
411 3044 436 3091 A
452 3046 505 3101 (sic)
605 3060 620 3104 3
638 3045 787 3104 intellegere
798 3044 840 3094 A:
859 3042 967 3104 intellig.
981 3041 1008 3088 P
1111 3056 1126 3102 5
1145 3042 1227 3092 Dalm.
1238 3041 1264 3088 A

267 3127 282 3172 7
298 3110 432 3159 Velleiano
451 3109 579 3158 Gelenius:
597 3110 650 3158 Ulli
663 3110 717 3167 (ulli
729 3109 767 3171 P)
781 3111 848 3158 llano
859 3107 925 3156 AP:
945 3108 1055 3156 Ulillano
1066 3105 1150 3154 Burer
1250 3109 1266 3155 8

266 3179 394 3225 donemus
405 3178 530 3224 honorum
541 3175 567 3222 A
583 3176 650 3239 (siclt
669 3177 794 3224 honorum
805 3174 831 3222 P
930 3189 960 3221 10
976 3174 1107 3234 pergentis
1118 3173 1143 3220 in
1159 3174 1218 3234 (om.
1231 3171 1267 3228 Ρ)

268 3243 382 3302 integras
395 3242 540 3305 (integritas
551 3240 586 3304 B)
599 3239 676 3287 APB
754 3256 782 3288 11
801 3249 951 3300 lmunesque
963 3238 1004 3287 B:
1027 3239 1204 3298 immunesque
1215 3237 1270 3284 ΑΡ

267 3306 559 3355 serocesactrucesAP
625 3321 655 3366 14
667 3305 763 3355 edil.A
835 3308 864 3353 16
875 3303 1025 3366 auspitlisA
1095 3319 1124 3364 17
1137 3303 1264 3352 iuditioA

270 3376 300 3421 18
311 3373 485 3434 suppleueeunl
493 3378 598 3420 ornatus
607 3370 635 3420 G.
644 3371 680 3420 A.
688 3370 764 3429 Koch,
774 3371 799 3418 in
808 3386 886 3432 quam
894 3369 1030 3432 παρήχησιν
1039 3375 1061 3416 et
1069 3370 1118 3432 ipse
1126 3369 1265 3428 inaliemm,

267 3439 296 3500 cfi
308 3439 447 3486 honoribus
459 3439 611 3487 honoratum
625 3452 680 3498 124.
692 3451 725 3496 3:
742 3438 851 3485 donatus
862 3434 1015 3482 Rhenanus:
1035 3435 1175 3482 honoratus
1193 3433 1269 3480 Hm!

263 3505 383 3566 probante
398 3502 487 3552 Nova'k
614 3510 682 3550 estas
700 3502 801 3549 maximi
820 3500 1058 3562 (maximlFechter)
1161 3514 1192 3559 19
1209 3513 1267 3546 con-

267 3567 416 3617 sumauitA
532 3569 636 3630 perusia
652 3568 814 3616 aedesitiales
831 3566 876 3615 A:
900 3564 1007 3613 Perusia
1025 3565 1089 3613 aede
1107 3564 1209 3613 siciales
1227 3562 1268 3610 P:

270 3633 395 3682 Perustae
412 3632 473 3681 Voss
539 3633 681 3681 Desitiates
700 3631 828 3681 Gelem'us:
850 3639 876 3679 et
892 3632 960 3693 uulg.
972 3646 1003 3678 ac
1018 3628 1079 3678 Voss
1088 3629 1159 3692 prob.
1172 3628 1269 3678 Kn'teeb

268 3715 301 3749 ao
318 3699 452 3748 Delmatae
463 3697 502 3748 B:
521 3699 653 3748 Dalmatae
665 3697 719 3745 AP
814 3713 843 3745 21
863 3697 955 3746 saltum
967 3711 1035 3758 pene
1045 3695 1071 3742 A

749 3815 796 3866 126
