2810 4350
593 361 723 420 LIBER
745 362 760 421 1

179 525 266 587 nouis
286 524 459 588 hominibus
480 525 559 604 prior
579 525 729 587 Mummio
748 544 916 603 cognomen
935 524 1043 585 uirtute
1063 533 1180 602 partum

180 623 352 684 uindicauit.
402 623 512 686 diuersi
546 623 772 702 imperatoribus
807 643 913 696 mores,
949 622 1067 683 diuersa
1100 623 1210 686 sueres

181 721 296 782 studia:
331 721 443 800 quippe
466 721 569 799 Scipio
593 733 654 782 tam
678 723 797 798 elegans
825 719 990 782 liberalium
1016 718 1182 780 studiorum

183 816 342 895 omnisque
355 819 509 880 doctrinae
523 830 552 880 et
566 830 670 880 auctor
683 829 713 880 et
727 818 887 879 admirator
900 817 963 891 fuit,
976 829 1009 878 ut
1023 815 1181 894 Polybium

152 916 425 995 5Panaetiumque,
451 915 655 996 praecellentis
683 916 804 994 ingenio
828 917 917 989 uiros,
943 915 1027 978 domi
1051 914 1183 976 militiae

181 1034 240 1092 que
262 1035 364 1075 secum
387 1015 531 1076 habuerit.
574 1035 673 1092 neque
691 1014 772 1075 enim
792 1014 950 1093 quisquam
969 1015 1028 1074 hoc
1042 1013 1182 1090 Scipione

181 1111 345 1189 elegantius
367 1111 521 1174 interualla
542 1112 729 1190 negotiorum
752 1111 814 1174 otio
836 1111 987 1190 dispunxit
1007 1131 1183 1189 semperque

181 1220 233 1269 aut
257 1209 328 1270 belli
349 1221 400 1270 aut
422 1210 503 1288 pacis
528 1210 629 1271 senriit
650 1209 780 1270 artibus:
810 1229 927 1287 semper
948 1209 1024 1270 inter
1046 1229 1127 1269 arma
1146 1228 1183 1268 ac

182 1305 281 1367 studia
295 1319 428 1368 uersatus
441 1319 493 1369 aut
507 1328 615 1385 corpus
633 1306 772 1385 periculis
791 1318 842 1367 aut
863 1306 997 1367 animum
1018 1305 1182 1383 disciplinis

139 1435 169 1468 10
183 1403 319 1465 exercuit.
364 1406 530 1467 Mummius
545 1417 607 1466 tarn
625 1406 706 1467 rudis
725 1405 789 1480 fuit,
804 1417 837 1466 ut
851 1416 939 1482 capta
951 1405 1099 1468 Corintho
1113 1425 1183 1465 cum
1196 1427 1212 1476 4

183 1502 379 1566 maximorum
399 1506 547 1568 artificum
566 1508 711 1584 perfectas
730 1506 869 1567 manibus
888 1505 1004 1566 tabulas
1018 1524 1054 1565 ac
1072 1515 1183 1565 statuas

182 1603 214 1662 in
229 1603 347 1663 Italiam
360 1607 522 1681 portandas
535 1607 655 1679 locaret,
667 1604 782 1666 iuberet
793 1603 924 1682 praedici
934 1601 1182 1675 conducentibus,

183 1702 208 1761 si
221 1722 271 1762 eas
285 1702 493 1779 perdidissent,
509 1723 603 1764 nouas
618 1723 670 1764 eos
684 1702 859 1764 reddituros.
903 1721 964 1762 non
986 1712 1087 1760 tamen
1109 1710 1211 1777 putor

183 1800 310 1874 dubites,
333 1800 441 1874 Vinici,
463 1800 536 1878 quin
561 1801 654 1878 magis
676 1820 730 1878 pro
752 1821 784 1861 re
807 1798 928 1878 publica
950 1798 1036 1858 fuerit
1064 1818 1184 1858 manere

140 1925 168 1973 15
183 1899 283 1962 adhuc
296 1899 402 1958 rudem
417 1898 640 1960 Corinthiorum
655 1899 839 1959 intellectum
853 1917 944 1975 quam
963 1896 995 1957 in
1013 1907 1129 1956 tanturn
1149 1915 1185 1955 ea

184 1995 323 2072 intellegi,
352 2007 382 2056 et
409 1995 482 2073 quin
510 1997 567 2056 hac
594 1995 752 2074 prudentia
784 1995 834 2054 illa
863 1993 1053 2071 inprudentia
1083 1991 1184 2053 decori

184 2092 305 2170 publico
319 2092 406 2153 fuerit
420 2093 653 2154 conuenientior.

225 2192 305 2252 Cum
332 2190 447 2251 facilius
474 2191 619 2268 cuiusque
646 2190 688 2251 rei
715 2190 746 2250 in
774 2211 869 2251 unum
894 2200 1045 2250 contracta
1069 2187 1231 2266 species14

88 2309 91 2316 ¹
185 2308 275 2366 quam
297 2288 393 2349 diuisa
413 2289 597 2367 temporibus
618 2288 713 2350 oculis
733 2288 900 2364 animisque
920 2287 1080 2360 inhaereat,
1096 2284 1185 2346 statui

142 2415 172 2449 20
187 2385 314 2462 priorem
328 2386 416 2448 huius
431 2387 592 2448 uoluminis
606 2386 861 2465 posterioremque
879 2397 993 2463 partem
1012 2405 1074 2445 non
1088 2382 1186 2444 inutili

52 2471 56 2476 ’
186 2503 283 2543 rerum
298 2485 403 2546 notitia
417 2484 448 2545 in
461 2497 558 2547 artum
568 2497 722 2547 contracta
735 2484 916 2562 distinguere
930 2494 1020 2560 atque
1034 2482 1104 2542 huic
1118 2484 1186 2542 loco

187 2581 322 2655 inserere,
352 2602 429 2660 quae
456 2603 578 2662 quoque
604 2596 740 2661 tempore
772 2595 841 2661 post
875 2583 1006 2643 Romam
1040 2602 1059 2641 a
1092 2579 1186 2640 Gallis

187 2690 305 2756 captam
320 2681 450 2742 deducta
471 2682 509 2744 sit
528 2683 646 2744 colonia
668 2682 750 2743 iussu
770 2693 909 2756 senatus3
929 2700 999 2741 nam
1016 2677 1187 2738 militarium

188 2788 218 2837 et
232 2797 338 2838 causae
352 2789 383 2838 et
395 2791 530 2841 auctores
550 2791 580 2840 et
595 2780 726 2858 ipsarum
746 2781 930 2857 praefulgent
943 2776 1073 2838 nomina
1116 2774 1187 2835 huic

145 2905 172 2953 ²5
188 2875 230 2935 rei
267 2895 320 2952 per
353 2874 434 2936 idem
472 2889 590 2956 tempus
628 2876 756 2939 ciuitatis
794 2887 969 2955 propagatas
1007 2885 1188 2950 auctumque

189 2974 362 3032 Romanum
389 2994 501 3035 nomen
529 2975 742 3037 communione
769 2975 839 3035 iuris
867 2975 948 3034 haud
979 2969 1188 3047 intempestiue

189 3068 352 3131 subtexturi
366 3069 510 3133 uidemur.
553 3084 622 3151 post
636 3085 751 3152 septem
765 3093 861 3133 annos
875 3092 965 3150 quarn
985 3068 1064 3130 Galli
1083 3067 1188 3128 urbem
1204 3091 1216 3124 2

189 3178 337 3246 ceperant,
367 3169 497 3230 Sutrium
528 3172 658 3232 deducta
690 3168 809 3231 colonia
835 3180 880 3230 est
913 3179 942 3229 et
974 3177 1042 3245 post
1076 3183 1189 3225 annum

224 3332 235 3363 1
254 3330 301 3377 par
309 3322 364 3364 tum
372 3317 410 3364 A:
419 3332 481 3365 num
490 3321 623 3380 paratumt
673 3333 688 3366 a
701 3316 812 3390 diuersis
821 3317 846 3364 A
859 3333 865 3364 ε
877 3315 973 3364 diuersi
982 3314 1022 3364 P:
1032 3313 1094 3375 sint.
1106 3311 1189 3360 diuer-

190 3445 234 3478 sus
245 3430 306 3492 imp.
319 3445 374 3480 mos
389 3439 415 3481 et
431 3432 484 3482 d.l.
501 3434 586 3482 studia
684 3447 700 3492 4
717 3382 908 3482 idffldiiirator
918 3431 944 3479 Α
1047 3426 1189 3490 5ρηιεοε1-

496 3511 523 3540 80

191 3544 416 3597 lentisAr-teisP
474 3549 562 3598 suA
618 3548 742 3598 rrtabA
807 3550 837 3596 16
854 3545 961 3607 intelligi
970 3545 1024 3595 ΑΡ
1070 3540 1193 3606 imp.AP

191 3626 222 3658 ει
242 3610 268 3657 in
280 3619 363 3662 artum
375 3613 429 3662 ΑΡ
492 3613 657 3676 agiussusA
725 3629 757 3674 24
775 3611 967 3662 causaAP‘ex
978 3609 1192 3661 uetsichabuisse

193 3673 294 3737 araur,
315 3693 408 3743 causae,
431 3680 525 3742 apr’cnlo
541 3680 583 3728 r'llo
601 3695 649 3743 quo
662 3679 698 3742 fit
715 3677 883 3743 diphthongus
899 3677 1000 3725 abruso’
1017 3677 1101 3724 Burar
1163 3679 1190 3722 et

192 3740 305 3802 ipsarum
382 3745 485 3794 nomina
501 3745 569 3793 AP:
589 3761 623 3795 ex
640 3745 752 3807 ipsarum
830 3743 935 3792 nomine
949 3743 1085 3790 Burmann
1157 3751 1191 3798 25

193 3803 310 3856 ciuitates
327 3808 396 3858 AP:
425 3810 554 3860 ciuitatem
576 3818 742 3874 propagatam
759 3808 860 3874 Lipsius
952 3809 984 3856 28
1006 3810 1131 3868 ceperunt
1149 3803 1190 3851 P:

194 3882 329 3932 coeperunt
339 3875 375 3937 A,
389 3891 436 3927 em.
447 3875 555 3942 Maduig
611 3876 738 3940 Sutrium]
752 3875 879 3926 Satricum
890 3873 1009 3939 Sigonius
1020 3877 1043 3922 et
1055 3870 1159 3920 anus

639 3967 709 4016 ,13
