3050 4350
656 355 785 413 LIBER
807 356 840 414 II
921 354 923 358 ’
951 358 953 364 ’

256 521 289 577 ut
303 530 420 579 senator
434 530 464 580 et
478 518 574 592 iudex,
586 540 647 580 non
662 531 694 579 ut
708 521 854 598 princeps,
871 541 885 576 t
902 539 917 574 a
934 540 949 574 a
965 533 995 580 et
1009 538 1112 581 causas
1126 515 1254 597 pressius

256 615 355 676 audit!
398 636 488 692 quam
516 617 648 678 celeriter
675 617 821 696 ingratum
849 629 878 679 et
906 639 986 679 noua
1010 617 1182 678 molientem
1204 637 1255 694 op-

256 713 378 790 pressit!
420 714 528 791 quibus
549 715 713 792 praeceptis
735 715 911 776 instructum
934 715 1145 776 Germanicum
1167 735 1254 774 suum

208 827 214 848 ·
257 811 465 890 imbutumque
490 813 664 875 rudimentis
686 813 808 874 militiae
836 835 938 876 secum
965 827 1049 875 actae
1076 813 1254 874 domitorem

229 911 367 988 trecepit
402 913 597 972 Germaniae!
641 913 750 990 quibus
785 913 937 974 iuuentam
972 913 1036 974 eius
1071 911 1255 989 exaggerauit

257 1009 428 1084 honoribus,
444 1013 643 1088 respondente
657 1013 738 1071 cultu
753 1011 894 1089 triumphi
907 1032 1013 1084 rerum,
1029 1031 1102 1088 quas
1117 1020 1253 1088 gesserat,

258 1105 471 1183 magnitudini!
502 1107 640 1184 quotiens
659 1111 803 1185 populum
823 1108 977 1186 congiariis
996 1107 1155 1168 honorauit
1173 1126 1283 1176 sena-3

257 1212 414 1280 torumque
442 1225 573 1277 censum,
603 1225 672 1264 cum
700 1205 731 1265 id
759 1218 863 1265 senatu
885 1217 1005 1266 auctore
1029 1207 1125 1265 facere
1149 1203 1254 1282 potuit,

257 1319 347 1376 quam
368 1301 494 1361 libenter
514 1301 651 1378 expleuit,
667 1313 700 1361 ut
721 1322 819 1379 neque
838 1303 981 1362 luxuriam
1000 1302 1137 1362 inuitaret
1158 1320 1256 1377 neque

215 1415 245 1452 ιο
258 1400 415 1458 honestam
431 1411 634 1477 paupertatem
648 1411 797 1478 pateretur
815 1400 957 1478 dignitate
971 1399 1109 1461 destitui!
1144 1410 1257 1476 quanto

258 1515 327 1554 cum
348 1497 462 1556 honore
477 1496 687 1557 Germanicum
710 1517 796 1557 suurn
816 1497 847 1556 in
868 1498 1075 1558 transmarinas
1095 1496 1174 1558 misit
1192 1517 1257 1574 pro

258 1591 388 1652 uincias!
432 1613 491 1670 qua
511 1593 542 1653 ui
563 1593 754 1655 consiliorum
776 1615 896 1656 suorum
918 1595 1052 1656 ministro
1073 1607 1102 1656 et
1123 1594 1257 1654 adiutore

258 1711 328 1750 usus
354 1694 454 1752 Druso
475 1692 537 1752 filio
562 1713 624 1766 suo,
649 1694 871 1754 Maroboduum
896 1692 1098 1754 inhaerentem
1120 1692 1258 1770 occupati

259 1788 340 1865 regni
354 1789 471 1863 finibus,
487 1810 561 1866 pace
580 1789 740 1850 maiestatis
759 1789 822 1850 eius
841 1790 973 1863 dixerim,
989 1791 1071 1850 uelut
1090 1801 1257 1867 serpentem

216 1905 246 1956 15
259 1887 423 1946 abstrusam
444 1899 537 1947 terrae
562 1887 727 1948 salubribus
753 1885 956 1968 [consiliorum
979 1885 1113 1969 suorum]
1132 1887 1259 1947 mediea-

260 1983 367 2044 mentis
390 1983 487 2061 coegit
514 1984 631 2062 egredi!
674 2005 764 2061 quam
787 1984 870 2044 illum
898 1996 931 2044 ut
958 1986 1110 2058 honorate,
1136 1987 1177 2044 sic
1202 2005 1258 2045 nec

260 2102 361 2142 secure
376 2081 526 2142 continet!
568 2094 697 2159 quantae
713 2082 800 2143 molis
818 2085 930 2143 bellum
949 2083 1081 2160 principe
1096 2083 1258 2144 Galliarum

259 2179 356 2240 ciente
378 2179 533 2240 Sacrouiro
554 2183 702 2258 Floroque
724 2181 803 2241 Iulio
824 2181 897 2240 mira
919 2182 1067 2242 celeritate
1091 2202 1127 2241 ac
1151 2181 1259 2241 uirtute

260 2276 442 2354 compressit,
471 2289 504 2337 ut
531 2289 600 2338 ante
627 2279 756 2355 populus
785 2281 941 2338 Romanus
969 2278 1075 2338 uicisse
1106 2299 1137 2338 se
1168 2299 1258 2354 quarn

216 2397 247 2431 πο
260 2374 369 2433 bellare
397 2386 589 2451 cognosceret
616 2374 797 2452 nuntiosque
825 2375 947 2452 periculi
974 2374 1115 2434 uictoriae
1142 2371 1259 2451 praece-

260 2473 343 2532 deret
365 2471 504 2532 nuntius!
547 2472 647 2550 magni
671 2473 760 2533 etiam
788 2472 905 2533 terroris
934 2473 1044 2532 bellum
1067 2471 1201 2532 Africum
1229 2483 1287 2539 et4

260 2569 411 2640 cotidiano
430 2567 484 2650 [in]
503 2581 592 2630 auctu
614 2569 708 2630 maius
727 2569 865 2648 auspiciis
884 2569 1074 2646 consiliisque
1093 2569 1156 2629 eius
1176 2569 1259 2629 breui

260 2670 409 2745 sepultum
430 2679 482 2728 est.

302 2767 424 2841 Quanta
438 2787 491 2825 sua
505 2785 686 2842 suorumque
701 2765 823 2827 nomine
840 2765 979 2826 exstruxit
990 2769 1092 2844 opera!
1112 2786 1202 2842 quam
1211 2765 1260 2844 pia
1273 2787 1328 2844 130

297 2935 308 2966 1
321 2920 355 2967 sic
363 2919 431 2967 AP:
450 2920 527 2968 Orelli
534 2921 660 2983 supplebat
669 2936 745 2980 quam
757 2921 835 2969 ceteri
847 2928 873 2968 et
881 2921 992 2968 sanctius
1000 2919 1136 2968 diiudicat:
1154 2920 1264 2983 Maduig

262 3000 292 3032 ex
309 2985 427 3033 uocabulo
442 2985 509 3046 qnod
520 2990 555 3032 est
576 2987 688 3047 pressius
712 3003 801 3034 nomen
824 2987 902 3034 Drusi
926 2986 1030 3034 Libonis
1053 2987 1206 3047 expn'mebat,
1227 3001 1262 3032 re-

255 3049 374 3112 fragante
395 3050 527 3098 Thomasrb
534 3059 561 3112 p.
574 3064 621 3110 54:
645 3051 710 3098 milri
724 3052 840 3099 uidentur
854 3053 977 3098 nonnulla
991 3057 1049 3113 post
1063 3051 1127 3098 illud
1141 3051 1261 3112 princeps

261 3115 372 3162 exnita'sse
379 3118 446 3164 uelut
451 3116 474 3163 si
483 3118 572 3164 scn'bas
583 3116 701 3180 [Libonis
713 3123 739 3164 et
751 3118 834 3165 scelus
845 3115 988 3178 inquisiuit]
999 3124 1025 3165 et
1035 3133 1139 3165 causam
1147 3117 1261 3177 pressius

263 3181 323 3242 (he.
336 3182 451 3228 intentius
466 3187 489 3228 et
504 3183 621 3242 curatr'us)
639 3183 734 3230 audiuit
832 3182 927 3242 4actis
945 3183 988 3230 del.
1003 3188 1059 3229 ante
1076 3180 1178 3230 actaeA
1245 3183 1262 3227 6

262 3247 461 3306 respondentem
472 3246 523 3294 BA
607 3247 684 3295 cultui
697 3285 703 3296 .
717 3286 723 3296 .
736 3285 742 3296 .
755 3248 929 3308 magnitudine
940 3247 1023 3295 Burer
1134 3249 1150 3294 8
1163 3252 1221 3309 post
1237 3247 1262 3294 id

262 3311 364 3358 deletum
373 3313 496 3359 estatnA
566 3327 595 3371 15
607 3321 675 3361 terra
686 3312 790 3366 Clndrns
846 3328 914 3362 cons.
924 3329 1028 3361 suorum
1037 3313 1161 3360 Ruhnken
1173 3313 1264 3360 delebat

263 3381 291 3424 ut
306 3393 336 3424 ex
351 3393 375 3424 u.
396 3392 426 3424 12
443 3378 560 3424 enucleata
668 3381 699 3425 16
715 3385 743 3426 nt
761 3380 821 3427 hon.
842 3395 890 3426 nec
908 3394 997 3426 secure
1016 3378 1081 3428 AP:
1111 3378 1147 3424 sic
1170 3377 1260 3440 addidi,

263 3443 351 3489 utiam
362 3441 500 3489 Bunnann
510 3443 554 3490 sed
560 3459 610 3496 om,
624 3459 671 3491 nec
682 3461 688 3492 :
706 3451 732 3492 et
744 3445 805 3493 hon.
819 3459 866 3491 nec
879 3459 929 3492 sec.
945 3444 1056 3490 Gelemns
1137 3445 1170 3490 18
1188 3457 1261 3491 sacro

262 3507 318 3554 uiro
339 3509 453 3568 floreque
471 3508 497 3554 A
565 3509 635 3556 Iuliis
644 3508 768 3556 Ruhnken
786 3525 816 3556 ex
829 3509 883 3558 Tac.
898 3509 970 3556 Ann.
985 3509 1018 3556 iii.
1036 3524 1067 3568 40
1084 3509 1262 3557 exstimulator

263 3573 402 3620 acerrimus
419 3573 487 3620 inter
502 3573 622 3621 Treuiros
640 3574 719 3622 Iulius
737 3575 756 3622 F
757 3575 833 3634 lorus,
848 3575 916 3634 apud
928 3575 1033 3622 Aeduos
1047 3573 1127 3622 Iulius
1140 3574 1262 3622 Sacrouir

265 3653 296 3700 19
312 3653 407 3699 compr.
421 3638 475 3684 ΑΡ
520 3653 549 3686 se
560 3639 647 3687 om.A
730 3655 762 3686 aa
780 3640 917 3688 cottidiano
929 3639 983 3686 ΑΡ
1079 3640 1105 3687 in
1118 3646 1175 3687 ante
1185 3647 1260 3688 auctu

264 3703 366 3752 deletum
377 3708 413 3752 est
422 3703 637 3763 anA,·omissum
650 3704 713 3752 inP
810 3721 842 3765 24
859 3721 906 3753 suo
917 3705 1047 3753 Aaaaans
1112 3705 1216 3754 exst.A

741 3863 784 3912 141
