3050 4350
699 363 828 422 LIBER
850 363 882 422 II

291 534 400 595 deinde
415 535 496 596 bello
510 538 653 595 lacessere
672 536 823 608 auderent,
840 534 957 612 utrique
974 554 1092 595 summo
1111 532 1288 610 imperatori,

290 631 372 692 alteri
392 632 549 709 superstiti,
565 631 683 692 meritas
702 653 814 710 poenas
836 634 916 692 luere
938 631 1097 709 suppliciis.
1141 651 1317 709 nusquama

290 743 351 792 erat
380 731 540 808 Pompeius
573 752 704 809 corpore,
734 733 833 793 adhuc
865 731 977 810 ubique
1010 732 1131 792 uiuebat
1159 731 1288 792 nomine.

290 830 401 907 quippe
424 829 527 906 ingens
550 829 677 907 partium
697 830 760 890 eius
782 832 865 890 fauor
884 830 996 890 bellum
1018 829 1195 890 excitauerat
1216 829 1291 888 Afri-

261 948 368 1000 5cum,
389 928 471 1005 quod
493 926 590 987 ciebat
611 947 661 986 rex
682 927 759 987 Iuba
780 939 810 988 et
830 926 939 1004 Scipi0,
962 927 1007 986 uir
1028 926 1198 999 consularis,
1221 938 1290 986 ante

290 1023 444 1083 biennium
456 1043 546 1101 quam
560 1023 793 1101 exstingueretur
803 1023 973 1100 Pompeius,
989 1027 1083 1084 lectus
1097 1025 1137 1084 ab
1148 1044 1185 1084 eo
1197 1045 1288 1098 socer,
1305 1051 1319 1098 3

289 1143 453 1202 eorumque
471 1123 572 1200 copias
591 1135 710 1184 auxerat
730 1127 772 1184 M.
790 1126 875 1197 Cat0,
893 1123 1006 1201 ingenti
1027 1143 1096 1182 curn
1117 1122 1290 1183 difficultate

288 1219 427 1280 itinerum
448 1223 642 1299 locorumque
666 1221 767 1298 inopia
791 1221 941 1298 perductis
965 1222 1005 1281 ad
1029 1240 1080 1280 eos
1105 1219 1289 1296 legionibus:

288 1319 340 1396 qui
361 1319 406 1378 uir
427 1340 496 1378 curn
519 1340 669 1379 summum
691 1319 719 1380 ei
738 1341 757 1380 a
777 1319 919 1380 militibus
940 1322 1101 1380 deferretur
1122 1318 1288 1396 imperium,

245 1433 275 1470 10
289 1416 470 1477 honoratiori
484 1437 586 1494 parere
600 1417 711 1476 maluit.

329 1515 482 1574 Admonet
500 1513 663 1590 promissae
682 1513 834 1574 breuitatis
849 1514 932 1587 fides,
948 1524 1061 1591 quanto
1080 1512 1182 1572 omnia
1199 1524 1289 1574 trans·
1301 1530 1339 1590 55

288 1629 375 1669 cursu
404 1609 532 1670 dicenda
559 1609 626 1670 sint.
669 1630 797 1687 sequens
825 1614 974 1671 fortunam
1007 1630 1091 1670 suam
1120 1611 1229 1671 Caesar
1257 1622 1289 1670 ut

286 1718 443 1783 peruectus
462 1707 493 1766 in
509 1707 639 1767 Africam
657 1719 709 1780 est,
725 1728 816 1785 quam
835 1708 936 1768 occiso
950 1707 1089 1780 Curione,
1106 1706 1288 1766 Iulianarum

287 1805 365 1864 duce
389 1804 525 1880 partium,
549 1804 725 1881 Pompeiani
749 1804 926 1865 obtinebant
950 1803 1101 1876 exercitus,
1126 1802 1168 1863 ibi
1191 1803 1288 1880 primo

244 1919 272 1967 15
288 1901 368 1960 uaria
395 1904 520 1974 fortuna,
550 1921 620 1960 mox
647 1901 790 1978 pugnauit
821 1921 882 1974 sua,
911 1900 1129 1978 inclinataeque
1157 1900 1287 1960 hostium

287 1997 408 2075 copiae:
430 2017 486 2058 nec
508 1997 657 2058 dissimilis
679 1997 721 2057 ibi
741 1999 883 2058 aduersus
905 1997 1000 2058 uictos
1017 2018 1108 2075 quam
1127 1997 1158 2056 in
1177 1998 1314 2074 priores2

287 2093 445 2155 clementia
466 2095 600 2156 Caesaris
621 2094 683 2155 fuit.
727 2094 871 2155 uictorem
890 2094 1022 2154 Africani
1041 2094 1112 2154 belli
1129 2096 1287 2156 Caesarem

285 2189 403 2270 grauius
426 2192 541 2270 excepit
563 2192 765 2269 Hispaniense
780 2191 862 2272 (nam
883 2191 980 2252 uictus
1001 2193 1040 2252 ab
1061 2212 1098 2252 eo
1120 2194 1287 2254 Pharnaces

285 2289 335 2349 uix
356 2289 520 2367 quidquam
540 2289 650 2366 gloriae
671 2289 734 2350 eius
755 2288 918 2367 adstruxit),
934 2290 1016 2366 quod
1039 2290 1094 2350 Cn.
1116 2289 1285 2366 Pompeius,

239 2411 273 2444 ιο
287 2387 390 2464 Magni
414 2387 500 2460 filius,
522 2388 697 2446 adulescens
718 2386 847 2463 impetus
867 2387 907 2446 ad
931 2385 1009 2445 bella
1030 2385 1158 2458 maximi,
1181 2385 1284 2462 ingens

284 2503 320 2542 ac
347 2483 476 2544 terribile
503 2487 692 2557 conflauerat,
719 2483 852 2560 undique
880 2484 919 2543 ad
947 2503 1016 2542 eum
1044 2484 1143 2542 adhuc
1170 2483 1285 2559 paterni

284 2580 414 2641 nominis
437 2581 672 2658 magnitudinem
697 2581 885 2659 sequentium
907 2602 943 2641 ex
964 2593 1029 2642 toto
1050 2581 1122 2641 orbe
1143 2592 1283 2640 terrarum

285 2677 399 2738 auxiliis
420 2677 648 2737 confluentibus.
692 2698 745 2737 sua
767 2679 925 2739 Caesarem
946 2677 977 2736 in
995 2677 1174 2755 Hispaniam
1196 2679 1311 2747 comi-3

284 2785 346 2833 tata
362 2777 479 2834 fortuna
498 2785 550 2847 est,
567 2776 620 2835 sed
640 2777 755 2835 nullum
774 2795 918 2852 umquam
937 2774 1065 2835 atrocius
1082 2774 1287 2852 periculosius-

240 2900 269 2948 25
285 2893 344 2950 que
357 2874 397 2933 ab
411 2893 448 2933 eo
462 2872 569 2933 initum
583 2873 739 2950 proelium,
754 2875 831 2934 adeo
846 2876 959 2951 utplus
974 2894 1065 2952 quarn
1080 2873 1173 2933 dubio
1189 2876 1286 2933 Marte

285 2971 480 3031 descenderet
504 2991 582 3048 equo
606 2969 832 3048 consistensque
856 2982 926 3031 ante
950 2972 1139 3030 recedentem
1164 2990 1285 3030 suorum

319 3143 330 3175 1
343 3143 442 3175 summo
452 3127 601 3190 imperatori
611 3127 731 3177 Cludius:
749 3144 849 3176 summo
861 3129 1043 3190 imperatorum
1050 3127 1116 3178 AP:
1130 3143 1285 3176 summorum

285 3192 427 3240 Mommsen
533 3208 549 3239 a
565 3199 622 3241 ante
638 3194 711 3242 alteri
728 3194 830 3254 Lipn'us
846 3195 972 3256 supplebat
987 3194 1061 3242 alteri
1081 3201 1192 3253 mortuo,
1212 3193 1289 3241 Orelli

284 3265 385 3306 mortuo
396 3258 471 3306 alteri
559 3273 575 3318 3
593 3258 696 3306 uiuebat
715 3259 831 3321 Lipsius:
849 3260 922 3307 iubae
940 3266 1059 3321 suprascr.
1073 3259 1133 3306 uiuo
1145 3258 1189 3306 A:
1208 3258 1284 3306 lubae

284 3323 322 3372 P:
335 3325 483 3371 uocabulum
492 3323 537 3372 del.
545 3324 722 3386 Snimmsort.
733 3327 807 3372 uiuos
857 3327 874 3372 6
885 3333 937 3374 ext.
945 3324 1000 3372 ΑΡ
1049 3339 1124 3373 socer
1131 3323 1181 3371 BA
1193 3339 1285 3373 :sacer

285 3389 311 3437 P
374 3390 391 3436 8
403 3389 581 3452 locorumque]
595 3405 770 3451 aquarumque
783 3390 967 3454 Raphelengius
1023 3406 1041 3452 9
1058 3405 1073 3437 a
1085 3389 1206 3437 militibus
1219 3389 1281 3440 BA:

283 3455 394 3502 ambitus
410 3454 437 3502 P
534 3470 564 3503 ro
581 3470 672 3516 parere
684 3456 778 3506 Burer:
797 3471 887 3517 parare
899 3455 938 3504 P:
956 3457 1039 3517 parari
1050 3455 1095 3504 A:
1112 3455 1198 3516 pareri
1211 3455 1288 3503 Orelli

285 3535 313 3568 11
330 3519 470 3581 quandoA
531 3535 560 3567 12
571 3520 669 3568 suntA
736 3528 764 3569 ut
776 3528 913 3582 peruectus
934 3521 1058 3582 smpsr'‚cf
1071 3535 1139 3580 5o.a
1189 3520 1214 3568 in
1228 3537 1285 3582 per·

283 3591 373 3634 uectus
381 3585 407 3632 A
418 3603 423 3635 :
436 3593 574 3647 peruectus
583 3585 609 3633 P
658 3602 688 3647 13
700 3594 741 3635 est
750 3587 840 3635 Orelli:
852 3586 910 3635 etA
923 3603 928 3634 :
941 3601 991 3636 om.
999 3585 1025 3632 P
1053 3585 1111 3634 Visa
1118 3585 1214 3636 Comm.
1226 3586 1284 3636 Cn't.

285 3665 315 3711 15
331 3651 441 3710 fortuna,
451 3667 511 3698 mox
523 3667 546 3712 p.
556 3667 602 3699 sua
613 3651 743 3700 Aa'dalius
758 3657 781 3700 et
791 3652 907 3714 Lipsius:
924 3651 1051 3700 fortunam
1069 3651 1230 3714 expugnauit
1244 3653 1286 3699 uia

282 3715 338 3764 ΑΡ
443 3730 471 3777 17
488 3715 568 3764 Africi
583 3715 771 3780 Novdk,tf.54.
785 3734 808 3780 a,
822 3732 861 3778 55.
875 3733 898 3777 π,
913 3732 996 3779 1294
1069 3718 1098 3768 C.
1112 3716 1288 3766 CaesaremP

283 3797 315 3844 23
332 3784 451 3832 comitata
461 3788 503 3831 est
513 3782 616 3831 fortuna
628 3791 668 3832 est
678 3782 704 3830 A
719 3783 729 3848 (
748 3784 786 3849 '):
805 3799 869 3832 num
880 3799 901 3832 c.
915 3790 955 3832 est
966 3783 1083 3834 fortunat

768 3872 799 3926 73
