3050 4350
527 316 683 376 VELLEI
706 315 947 376 PATERCVLI

241 486 420 557 succederet,
431 483 516 557 illius,
529 494 562 543 ut
575 481 674 560 potius
685 482 839 558 aequalem
851 480 948 541 ciuem
959 500 1049 558 quam
1059 479 1239 540 eminentem

240 581 340 642 liceret
354 602 439 658 agere
450 580 621 658 principem.
664 581 786 638 tandem
795 578 887 654 magis
898 578 1011 638 ratione
1025 598 1115 656 quam
1126 580 1240 638 honore

241 677 337 738 uictus
348 690 400 752 est,
411 699 480 738 cum
492 676 638 755 quidquid
649 678 794 736 tuendum
809 697 870 736 non
881 674 1066 752 suscepisset,
1078 674 1240 752 periturum

241 775 373 850 uideret,
394 775 509 852 solique
523 775 593 834 huic
607 772 731 850 contigit
744 793 839 850 paene
859 772 970 833 diutius
987 793 1121 832 recusare
1136 771 1240 849 princi-

241 885 352 949 patum,
369 892 467 949 quam,
490 883 523 930 ut
545 882 724 948 occuparent
746 890 824 943 eum,
846 869 895 929 alii
917 869 1005 929 armis
1027 880 1267 946 pugnauerant5

215 980 309 1045 3post
344 968 493 1029 redditum
534 970 617 1028 caelo
651 979 764 1045 patrem
800 979 830 1027 et
863 987 970 1044 corpus
1005 966 1068 1026 eius
1102 965 1240 1026 humanis

242 1065 414 1138 honoribus,
430 1086 541 1125 numen
564 1063 673 1125 diuinis
690 1066 876 1136 honoratum,
892 1062 1020 1140 primum
1035 1063 1240 1141 principalium

242 1161 305 1221 eius
333 1182 456 1239 operum
479 1161 533 1221 fuit
556 1160 703 1221 ordinatio
731 1159 927 1233 comitiorum,
951 1180 1040 1236 quam
1069 1180 1159 1220 manu
1188 1181 1241 1220 sua

213 1258 380 1336 4scriptam
408 1259 496 1319 diuus
524 1262 676 1335 Augustus
703 1257 866 1334 reliquerat.
918 1278 978 1334 quo
1006 1270 1139 1335 tempore
1168 1259 1241 1318 mihi

241 1355 380 1432 fratrique
394 1376 471 1429 me0,
487 1354 653 1415 candidatis
668 1354 810 1427 Caesaris,
823 1353 955 1431 proxime
969 1375 987 1413 a
1000 1354 1191 1415 nobilissimis
1205 1377 1241 1416 ac
1256 1375 1286 1408 10

241 1452 473 1512 sacerdotalibus
487 1451 556 1512 uiris
571 1451 711 1512 destinari
725 1452 907 1529 praetoribus
927 1451 1057 1528 contigit,
1074 1453 1241 1513 consecutis

242 1549 363 1624 quidem
378 1560 411 1608 ut
425 1569 523 1626 neque
537 1560 605 1626 post
619 1570 674 1610 nos
689 1569 870 1627 quemquam
882 1548 969 1609 diuus
980 1553 1131 1626 Augustus
1143 1570 1240 1627 neque

242 1657 311 1705 ante
325 1667 380 1706 nos
396 1649 505 1708 Caesar
519 1649 743 1707 commendaret
757 1647 902 1706 Tiberius.

176 1757 229 1816 125
283 1743 364 1802 Tulit
383 1743 517 1820 protinus
540 1756 569 1803 et
590 1743 653 1804 uoti
672 1755 702 1803 et
721 1743 825 1803 consili
844 1743 889 1802 sui
903 1743 1030 1821 pretium
1044 1765 1090 1804 res
1111 1744 1239 1821 publica,

243 1861 340 1918 neque
355 1841 406 1900 diu
421 1841 506 1901 latuit
519 1849 570 1901 aut
584 1841 657 1919 quid
671 1862 733 1901 non
748 1841 934 1917 impetrando
951 1842 1064 1918 passuri
1083 1841 1240 1912 fuissemus
1257 1863 1286 1913 ¹5

242 1949 293 1998 aut
308 1939 381 2014 quid
402 1937 589 2015 impetrando
608 1938 841 2016 profecissemus
889 1938 999 2016 quippe
1017 1939 1168 2012 exercitus,
1189 1939 1241 2016 qui

243 2035 273 2093 in
303 2035 462 2095 Germania
490 2035 635 2095 militabat
661 2034 882 2112 praesentisque
914 2019 1083 2094 Germanici
1117 2034 1241 2113 imperio

243 2134 405 2209 regebatur,
430 2132 577 2208 simulque
601 2131 740 2208 legiones
756 2152 832 2207 quae
851 2130 882 2189 in
905 2131 1022 2207 Illyrico
1045 2143 1136 2205 erant,
1160 2132 1241 2193 rabie

242 2232 372 2306 quadam
394 2241 423 2289 et
444 2231 592 2306 profunda
610 2228 815 2289 confundendi
833 2228 934 2288 omnia
952 2228 1113 2305 cupiditate
1127 2250 1240 2289 nouum

243 2329 360 2400 ducem,
382 2348 495 2387 nouum
521 2337 637 2400 statum,
660 2347 771 2386 nouam
790 2327 970 2402 quaerebant
993 2347 1055 2386 rem
1077 2327 1227 2404 publicam
1233 2350 1242 2402 ;
1258 2349 1288 2383 20

216 2455 227 2488 2
243 2423 416 2500 quinetiam
431 2423 494 2483 ausi
509 2434 577 2484 sunt
592 2423 697 2483 minari
711 2426 831 2483 daturos
843 2423 966 2496 senatui,
981 2426 1101 2484 daturos
1115 2424 1241 2502 principi

242 2522 321 2598 leges
331 2543 340 2594 ;
361 2523 486 2581 modum
507 2520 644 2597 stipendi,
668 2522 758 2579 finem
777 2519 898 2579 militiae
915 2519 972 2579 sibi
991 2519 1047 2597 ipsi
1062 2520 1241 2582 constituere

241 2617 341 2677 conati
364 2628 449 2676 sunt:
471 2637 642 2694 processum
665 2616 754 2676 etiam
773 2615 804 2675 in
823 2636 904 2675 arma
924 2618 1092 2693 ferrumque
1107 2617 1240 2678 strictum

242 2725 286 2774 est
301 2726 330 2773 et
344 2734 439 2791 paene
453 2713 484 2772 in
498 2713 602 2772 ultima
615 2712 780 2790 gladiorum
795 2712 890 2789 erupit
904 2712 1062 2789 inpunitas
1078 2714 1239 2792 defuitque,

217 2811 295 2889 3qui
309 2823 412 2871 contra
426 2831 488 2870 rem
502 2810 652 2887 publicam
667 2812 797 2882 duceret,
813 2830 875 2869 non
890 2808 940 2886 qui
955 2823 1154 2886 sequerentur.
1187 2815 1241 2873 sed
1258 2835 1270 2869 ο
1274 2835 1287 2883 5

242 2910 317 2968 haec
341 2907 443 2968 omnia
461 2907 568 2967 ueteris
588 2906 770 2984 imperatoris
785 2905 945 2980 maturitas
962 2909 1055 2966 multa
1069 2907 1239 2982 inhibentis,

242 3005 341 3082 aliqua
351 3025 420 3064 cum
429 3004 570 3082 grauitate
585 3004 759 3081 pollicentis,
773 3013 833 3063 tum
849 3004 924 3064 inter
938 3025 1071 3064 seueram
1083 3007 1241 3084 praecipue

275 3174 291 3205 2
309 3175 341 3207 m.
353 3159 453 3207 ratione
464 3158 533 3207 BA:
550 3158 650 3206 ratione
669 3158 741 3206 mP
820 3157 1038 3220 3quicquidAP
1101 3163 1239 3224 4peneA

242 3226 259 3270 6
276 3225 384 3272 reditum
395 3225 421 3271 A
503 3240 516 3285 7
535 3240 628 3272 numen
640 3223 754 3272 Krause=
777 3240 871 3272 nornen
882 3223 940 3286 ΑΡ,
955 3225 1022 3286 quod
1030 3225 1133 3284 defendit
1144 3227 1240 3276 Milkau

242 3305 272 3336 ex
283 3304 322 3349 54.
337 3305 352 3336 2
431 3304 462 3337 10
479 3290 628 3338 candidatos
640 3289 694 3335 ΑΡ
773 3303 800 3336 11
819 3289 995 3338 sacerdotibus
1007 3290 1067 3352 AP,
1079 3307 1125 3341 em.
1136 3291 1245 3356 Scheffer

243 3370 264 3402 c.
276 3355 379 3414 quidem
391 3355 488 3416 scribsi:
501 3355 696 3414 consecutisque
707 3354 733 3400 A
744 3371 749 3402 :
768 3355 912 3403 consecutis
923 3355 949 3401 P
1024 3371 1054 3402 12
1072 3365 1131 3417 post
1143 3373 1191 3406 nos
1203 3359 1241 3408 P:

243 3426 301 3480 post
317 3419 437 3468 annosA
539 3435 569 3480 14
586 3427 612 3468 et
626 3421 679 3467 uoti
697 3419 824 3468 Gelenius:
849 3428 876 3469 ut
893 3421 947 3468 uoti
964 3420 1019 3467 AP
1080 3423 1197 3482 praetium
1214 3425 1240 3471 A

246 3486 277 3530 16
293 3486 382 3545 profic.
391 3485 417 3531 A
486 3488 515 3532 18
533 3487 627 3533 rabiem
640 3486 766 3546 quandam
775 3486 801 3532 A
925 3501 956 3546 19
973 3487 1057 3534 omnia
1068 3493 1125 3534 ante
1136 3490 1241 3537 confun-

244 3550 556 3597 dendidaletumestinA
639 3567 672 3598 20
689 3551 799 3611 quer.A
885 3566 917 3597 22
934 3551 1056 3611 stipendii
1067 3552 1122 3600 AP
1209 3570 1242 3615 24

243 3615 330 3662 ultima
343 3614 418 3663 Voss:
430 3616 543 3662 ultimam
555 3615 621 3665 AB:
635 3617 749 3664 ultimum
760 3615 786 3661 P
881 3631 912 3676 27
931 3623 983 3664 tum
992 3617 1088 3667 adeladi:
1107 3627 1133 3667 et
1144 3618 1244 3668 Krousa

242 3696 366 3730 saeuerarn
382 3681 408 3728 A

719 3806 765 3867 136
