3050 4350
674 373 803 432 LIBER
825 373 858 432 II

266 539 386 601 Asinius
412 562 481 602 cum
506 553 620 619 septem
648 540 822 619 legionibus,
848 540 900 603 diu
924 553 1037 603 retenta
1064 541 1094 602 in
1120 553 1264 620 potestate

266 637 380 698 Antoni
402 639 536 712 Venetia,
559 639 672 716 magnis
698 639 898 717 speciosisque
921 641 1008 700 rebus
1031 640 1108 701 circa
1130 640 1264 700 Altinum

266 735 398 813 aliasque
412 735 475 796 eius
490 735 616 813 regionis
631 735 711 796 urbis
730 736 825 810 editis,
842 736 1007 796 Antonium
1028 749 1141 814 petens,
1156 757 1265 814 uagum

266 835 366 893 adhuc
386 832 561 906 Domitium,
578 853 667 910 quem
687 833 850 910 digressum
870 854 887 894 e
909 833 1056 893 Brutianis
1078 834 1178 894 castris
1199 845 1267 911 post

238 951 253 1000 5
268 934 391 992 caedem
414 931 476 991 eius
499 931 696 1008 praediximus
716 944 745 992 et
759 931 894 1009 propriae
908 931 1008 992 classis
1023 935 1133 992 factum
1149 934 1265 1004 ducem,

268 1029 398 1090 consiliis
423 1028 483 1088 suis
503 1031 658 1092 †electum
683 1049 718 1089 ac
741 1031 800 1090 fide
823 1031 892 1089 data
913 1028 1006 1088 iunxit
1027 1028 1178 1089 Antonio:
1207 1049 1296 1105 quoa

268 1128 355 1199 facto,
379 1126 513 1203 quisquis
535 1147 664 1203 aequum
689 1147 721 1186 se
745 1125 927 1203 praestiterit,
951 1125 1025 1186 sciat
1049 1147 1110 1186 non
1132 1125 1230 1185 minus
1251 1146 1269 1184 a

269 1225 404 1286 Pollione
418 1225 449 1284 in
464 1224 629 1284 Antonium
644 1244 734 1301 quam
751 1224 790 1283 ab
809 1223 942 1284 Antonio
964 1223 994 1282 in
1016 1223 1183 1283 Pollionem
1205 1242 1269 1283 esse

269 1325 417 1383 collatum.
461 1325 608 1383 aduentus
629 1321 738 1383 deinde
757 1321 787 1381 in
808 1321 924 1381 Italiam
943 1321 1057 1381 Antoni
1071 1333 1270 1399 praeparatus-

226 1441 329 1497 ioque
344 1433 446 1482 contra
467 1442 536 1482 eum
560 1420 694 1482 Caesaris
713 1419 817 1480 habuit
832 1418 902 1480 belli
916 1431 1037 1492 metum,
1054 1423 1107 1480 sed
1121 1439 1178 1496 pax
1193 1418 1270 1478 circa

271 1520 462 1581 Brundisium
485 1519 657 1597 composita
700 1538 753 1595 per
771 1539 848 1595 quae
869 1530 1003 1595 tempora
1019 1519 1088 1577 Rufi
1108 1516 1299 1578 Saluidieni4

271 1622 395 1680 scelesta
419 1617 542 1678 consilia
569 1619 716 1694 patefacta
738 1627 824 1675 sunt:
859 1615 911 1692 qui
939 1626 1025 1674 natus
1055 1614 1270 1675 obscurissimis

271 1717 359 1778 initiis
381 1737 485 1794 parum
506 1717 636 1776 habebat
657 1736 774 1774 summa
793 1713 943 1792 accepisse
965 1726 994 1774 et
1015 1713 1164 1791 proximus
1181 1734 1199 1772 a
1214 1715 1269 1774 Cn.

272 1815 416 1893 Pompeio
439 1815 565 1893 ipsoque
588 1816 714 1875 Caesare
735 1812 878 1890 equestris
900 1812 1011 1874 ordinis
1034 1815 1138 1873 consul
1158 1824 1272 1872 creatus
1357 1871 1360 1876 ,

228 1939 257 1988 15
272 1936 344 1988 esse,
366 1913 422 1974 nisi
446 1913 477 1972 in
502 1913 532 1974 id
555 1911 767 1985 adscendisset,
791 1931 890 1987 equo
912 1911 988 1970 infra
1007 1931 1039 1971 se
1060 1922 1089 1971 et
1114 1912 1272 1971 Caesarem

272 2011 386 2072 uideret
401 2022 430 2071 et
443 2027 506 2070 rem
520 2009 679 2088 publicam.

308 2111 393 2168 'Tum
417 2108 621 2185 expostulante
645 2127 792 2167 consensu
815 2105 926 2183 populi,
943 2126 1033 2182 quem
1052 2104 1148 2182 grauis
1170 2104 1273 2163 urebat
1286 2113 1323 2173 77

274 2207 381 2267 infesto
396 2205 469 2266 mari
482 2226 610 2278 annona,
627 2226 695 2264 cum
714 2204 858 2281 Pompeio
878 2225 998 2281 quoque
1021 2203 1098 2264 circa
1121 2202 1273 2262 Misenum

273 2326 331 2383 pax
352 2304 431 2378 inita,
449 2305 500 2383 qui
521 2307 601 2366 haud
624 2305 759 2377 absurde,
776 2293 845 2363 cum
866 2303 897 2363 in
919 2303 989 2363 naui
1006 2305 1224 2378 Caesaremque
1246 2312 1275 2361 et

230 2425 261 2458 πο
275 2403 441 2463 Antonium
464 2423 538 2462 cena
560 2401 715 2479 exciperet,
741 2399 815 2461 dixit
837 2399 867 2459 in
891 2400 996 2460 carinis
1024 2399 1084 2460 suis
1109 2420 1141 2459 se
1169 2419 1274 2458 cenam
1348 2398 1350 2402 ’

275 2504 353 2575 dare,
376 2504 503 2562 referens
525 2503 583 2561 hoc
606 2500 719 2561 dictum
741 2502 780 2560 ad
801 2499 860 2560 loci
881 2520 1000 2572 nomen,
1018 2498 1049 2557 in
1071 2519 1132 2575 quo
1153 2508 1275 2574 patema

274 2603 383 2661 domus
410 2601 450 2660 ab
480 2599 613 2660 Antonio
642 2598 855 2676 possidebatur.
899 2598 929 2656 in
960 2600 1019 2657 hoc
1046 2596 1127 2674 pacis
1155 2599 1301 2657 foederet

275 2697 385 2775 placuit
410 2696 540 2758 Siciliam
565 2695 770 2773 Achaiamque
795 2695 940 2772 Pompeio
965 2698 1138 2767 concedere,
1162 2693 1193 2752 in
1215 2714 1275 2770 quo

276 2808 375 2855 tamen
397 2795 513 2855 animus
536 2793 652 2871 inquies
675 2815 794 2854 manere
817 2816 878 2855 non
901 2793 1004 2871 potuit.
1049 2793 1079 2854 id
1101 2813 1194 2852 unum
1216 2803 1278 2851 tan-

232 2913 261 2962 25
276 2895 433 2953 tummodo
455 2895 580 2952 salutare
599 2894 731 2952 aduentu
751 2912 805 2952 suo
824 2890 935 2968 patriae
950 2889 1023 2963 tulit,
1040 2892 1122 2966 quod
1137 2888 1277 2950 omnibus

309 3065 325 3098 a
341 3047 449 3097 Antonii
466 3045 521 3092 ΑΡ
632 3062 648 3108 3
665 3047 741 3094 urbes
758 3045 813 3092 ΑΡ
924 3059 939 3106 5
956 3045 1059 3107 proprie
1071 3044 1116 3094 A:
1133 3060 1241 3106 proprae
1253 3044 1279 3090 B

276 3115 430 3164 6inlectum
444 3112 571 3161 Gelenius:
589 3127 622 3160 an
634 3112 789 3174 pellectum?
897 3110 1074 3158 8PolioneA
1144 3110 1278 3158 Polionem

276 3181 303 3229 A
405 3178 503 3240 9conl.
518 3176 572 3223 ΑΡ
642 3185 860 3239 praeparatusque
878 3176 946 3225 AP:
974 3184 1128 3238 paratusque
1151 3176 1278 3224 Gelenius:

277 3243 666 3360 {lllmdil‘cs‘l'i‘ssiilssl
682 3243 962 3355 mmffllss'insnm
982 3258 1012 3352 l?
1029 3241 1278 3354 ,0333515013334

277 3376 321 3426 A:
339 3328 445 3425 iturdP'
476 3372 770 3422 saluidieniscaelestaA
841 3389 871 3434 13
888 3388 1010 3420 summam
1021 3323 1281 3432 Affiimstcidatius

279 3459 308 3503 14
327 3459 360 3491 ex
377 3442 490 3503 equestri
504 3440 642 3502 (sequestri
653 3439 679 3485 A
692 3457 698 3488 :
718 3439 844 3501 equestris
861 3438 895 3500 P)
907 3439 1003 3485 ordinis
1014 3436 1104 3484 BAP:
1122 3454 1153 3484 ex
1167 3438 1279 3498 equestri

279 3510 369 3556 ordine
384 3508 507 3556 Gelenius:
526 3505 653 3564 equestris
667 3506 764 3552 ordinis
778 3504 898 3552 Heinsius
908 3521 915 3552 :
923 3503 986 3564 sont.
1003 3518 1036 3550 ex
1050 3503 1135 3562 equite
1151 3503 1279 3563 equestris

279 3591 375 3638 ordinis
384 3589 473 3637 consul
508 3581 615 3636 CUNS.
627 3586 654 3634 A
724 3600 753 3647 15
770 3587 797 3634 in
811 3586 837 3634 id
849 3585 992 3633 Puteanus:
1010 3586 1036 3632 in
1051 3585 1071 3631 is
1082 3583 1152 3631 BA:
1170 3583 1244 3632 simul
1256 3585 1282 3632 P

279 3654 397 3705 asc.AP
438 3669 517 3715 equo
529 3653 568 3701 P:
586 3667 653 3712 equo
665 3651 715 3697 BA
802 3666 830 3712 η
849 3651 955 3710 urgebat
970 3648 1101 3697 Acr'dalr'us
1189 3665 1219 3712 19
1236 3651 1279 3698 ab·

279 3723 356 3771 surde
376 3721 530 3768 Rhenanus:
553 3719 663 3766 absurdo
681 3717 749 3765 AP:
775 3733 808 3764 an
828 3716 940 3764 absurdo
959 3716 1031 3766 iocol
1114 3729 1146 3764 20
1163 3714 1280 3764 cenaA:

279 3787 390 3837 coenaP
469 3798 501 3846 25
518 3783 638 3846 patrieA
705 3782 827 3832 attulitP

763 3875 792 3926 91
