<?xml version="1.0" encoding="UTF-8"?>
<!DOCTYPE html PUBLIC "-//W3C//DTD XHTML 1.0 Transitional//EN"
    "http://www.w3.org/TR/xhtml1/DTD/xhtml1-transitional.dtd">
<html xmlns="http://www.w3.org/1999/xhtml" xml:lang="en" lang="en">
 <head>
  <title>
</title>
<meta http-equiv="Content-Type" content="text/html;charset=utf-8" />
  <meta name='ocr-system' content='tesseract 3.04.00' />
  <meta name='ocr-capabilities' content='ocr_page ocr_carea ocr_par ocr_line ocrx_word'/>
</head>
<body>
  <div class='ocr_page' id='page_1' title='image "./velleipaterculi01elligoog_0058.png"; bbox 0 0 2810 4350; ppageno 0'>
   <div class='ocr_carea' id='block_1_1' title="bbox 605 364 791 428">
    <p class='ocr_par' dir='ltr' id='par_1_1' title="bbox 605 364 791 428">
     <span class='ocr_line' id='line_1_1' title="bbox 605 364 791 428; baseline -0.005 -1"><span class='ocrx_word' id='word_1_1' title='bbox 605 364 737 428; x_wconf 85' lang='lat' dir='ltr'><strong>LIBER</strong></span> <span class='ocrx_word' id='word_1_2' title='bbox 759 367 791 426; x_wconf 95' lang='lat' dir='ltr'><strong>II</strong></span> 
     </span>
    </p>
   </div>
   <div class='ocr_carea' id='block_1_2' title="bbox 158 534 1250 2857">
    <p class='ocr_par' dir='ltr' id='par_1_2' title="bbox 158 534 1250 2857">
     <span class='ocr_line' id='line_1_2' title="bbox 204 534 1205 618; baseline -0.008 -16"><span class='ocrx_word' id='word_1_3' title='bbox 204 554 233 602; x_wconf 89' lang='lat' dir='ltr'><strong>et</strong></span> <span class='ocrx_word' id='word_1_4' title='bbox 254 540 319 603; x_wconf 90' lang='lat' dir='ltr'><strong>nisa</strong></span> <span class='ocrx_word' id='word_1_5' title='bbox 336 541 410 603; x_wconf 91' lang='lat' dir='ltr'><strong>ultio</strong></span> <span class='ocrx_word' id='word_1_6' title='bbox 431 540 547 618; x_wconf 87' lang='lat' dir='ltr'><strong>priuato</strong></span> <span class='ocrx_word' id='word_1_7' title='bbox 568 540 640 602; x_wconf 91' lang='lat' dir='ltr'><strong>odio</strong></span> <span class='ocrx_word' id='word_1_8' title='bbox 664 540 757 618; x_wconf 89' lang='lat' dir='ltr'><strong>magis</strong></span> <span class='ocrx_word' id='word_1_9' title='bbox 781 558 872 618; x_wconf 89' lang='lat' dir='ltr'><strong>quam</strong></span> <span class='ocrx_word' id='word_1_10' title='bbox 893 534 1031 614; x_wconf 91' lang='lat' dir='ltr'><strong>publicae</strong></span> <span class='ocrx_word' id='word_1_11' title='bbox 1054 535 1205 597; x_wconf 87' lang='lat' dir='ltr'><strong>uindictae</strong></span> 
     </span>
     <span class='ocr_line' id='line_1_3' title="bbox 204 643 280 700; baseline 0 0"><span class='ocrx_word' id='word_1_12' title='bbox 204 643 280 700; x_wconf 86' lang='lat' dir='ltr'><strong>data</strong></span> 
     </span>
     <span class='ocr_line' id='line_1_4' title="bbox 243 731 1204 814; baseline -0.007 -15"><span class='ocrx_word' id='word_1_13' title='bbox 243 738 378 800; x_wconf 89' lang='lat' dir='ltr'>Subinde</span> <span class='ocrx_word' id='word_1_14' title='bbox 400 736 506 799; x_wconf 88' lang='lat' dir='ltr'><strong>Porcio</strong></span> <span class='ocrx_word' id='word_1_15' title='bbox 528 737 703 814; x_wconf 85' lang='lat' dir='ltr'>Marcioque</span> <span class='ocrx_word' id='word_1_16' title='bbox 728 735 901 798; x_wconf 91' lang='lat' dir='ltr'><strong>consulibus</strong></span> <span class='ocrx_word' id='word_1_17' title='bbox 925 736 1055 796; x_wconf 89' lang='lat' dir='ltr'><strong>deducta</strong></span> <span class='ocrx_word' id='word_1_18' title='bbox 1085 731 1204 794; x_wconf 89' lang='lat' dir='ltr'><strong>colonia</strong></span> 
     </span>
     <span class='ocr_line' id='line_1_5' title="bbox 204 834 504 911; baseline -0.003 -16"><span class='ocrx_word' id='word_1_19' title='bbox 204 836 307 896; x_wconf 91' lang='lat' dir='ltr'><strong>Narbo</strong></span> <span class='ocrx_word' id='word_1_20' title='bbox 329 834 462 907; x_wconf 87' lang='lat' dir='ltr'><strong>Martius.</strong></span> <span class='ocrx_word' id='word_1_21' title='bbox 503 907 504 911; x_wconf 7' lang='grc' dir='ltr'><strong>Ἰ</strong></span> 
     </span>
     <span class='ocr_line' id='line_1_6' title="bbox 174 927 1237 1005; baseline -0.008 -8"><span class='ocrx_word' id='word_1_22' title='bbox 174 950 187 997; x_wconf 87' lang='grc'>5</span> <span class='ocrx_word' id='word_1_23' title='bbox 244 934 407 993; x_wconf 90' lang='lat' dir='ltr'><strong>Mandetur</strong></span> <span class='ocrx_word' id='word_1_24' title='bbox 421 931 530 993; x_wconf 90' lang='lat' dir='ltr'><strong>deinde</strong></span> <span class='ocrx_word' id='word_1_25' title='bbox 542 931 702 992; x_wconf 85' lang='lat' dir='ltr'>memoriae</span> <span class='ocrx_word' id='word_1_26' title='bbox 716 930 856 991; x_wconf 89' lang='lat' dir='ltr'><strong>seueritas</strong></span> <span class='ocrx_word' id='word_1_27' title='bbox 870 927 1055 990; x_wconf 88' lang='lat' dir='ltr'><strong>iudiciorum.</strong></span> <span class='ocrx_word' id='word_1_28' title='bbox 1093 927 1204 1005; x_wconf 92' lang='lat' dir='ltr'><strong>quippe</strong></span> <span class='ocrx_word' id='word_1_29' title='bbox 1218 932 1237 988; x_wconf 91' lang='lat'><em>8</em></span> 
     </span>
     <span class='ocr_line' id='line_1_7' title="bbox 204 1025 1202 1105; baseline -0.006 -15"><span class='ocrx_word' id='word_1_30' title='bbox 204 1031 237 1090; x_wconf 91' lang='lat' dir='ltr'><strong>C.</strong></span> <span class='ocrx_word' id='word_1_31' title='bbox 255 1030 332 1090; x_wconf 90' lang='lat' dir='ltr'><strong>Cato</strong></span> <span class='ocrx_word' id='word_1_32' title='bbox 347 1028 517 1102; x_wconf 90' lang='lat' dir='ltr'><strong>consularis,</strong></span> <span class='ocrx_word' id='word_1_33' title='bbox 535 1030 577 1087; x_wconf 93' lang='lat' dir='ltr'><strong>M.</strong></span> <span class='ocrx_word' id='word_1_34' title='bbox 592 1025 715 1090; x_wconf 90' lang='lat' dir='ltr'><strong>Catonis</strong></span> <span class='ocrx_word' id='word_1_35' title='bbox 729 1047 832 1105; x_wconf 89' lang='lat' dir='ltr'><strong>nepos,</strong></span> <span class='ocrx_word' id='word_1_36' title='bbox 848 1025 980 1087; x_wconf 86' lang='lat' dir='ltr'><strong>Africani</strong></span> <span class='ocrx_word' id='word_1_37' title='bbox 994 1025 1102 1086; x_wconf 91' lang='lat' dir='ltr'><strong>sororis</strong></span> <span class='ocrx_word' id='word_1_38' title='bbox 1116 1025 1202 1098; x_wconf 78' lang='lat' dir='ltr'><strong>illiue,</strong></span> 
     </span>
     <span class='ocr_line' id='line_1_8' title="bbox 203 1123 1204 1203; baseline -0.003 -17"><span class='ocrx_word' id='word_1_39' title='bbox 203 1127 434 1203; x_wconf 90' lang='lat' dir='ltr'><strong>repetundarum</strong></span> <span class='ocrx_word' id='word_1_40' title='bbox 459 1147 494 1186; x_wconf 87' lang='lat' dir='ltr'><strong>ex</strong></span> <span class='ocrx_word' id='word_1_41' title='bbox 519 1126 701 1187; x_wconf 89' lang='lat' dir='ltr'><strong>Macedonia</strong></span> <span class='ocrx_word' id='word_1_42' title='bbox 722 1128 880 1187; x_wconf 88' lang='lat' dir='ltr'><strong>damnatus</strong></span> <span class='ocrx_word' id='word_1_43' title='bbox 903 1136 956 1198; x_wconf 91' lang='lat' dir='ltr'><strong>est,</strong></span> <span class='ocrx_word' id='word_1_44' title='bbox 980 1143 1049 1184; x_wconf 90' lang='lat' dir='ltr'><strong>curn</strong></span> <span class='ocrx_word' id='word_1_45' title='bbox 1077 1123 1112 1184; x_wconf 88' lang='lat' dir='ltr'><strong>lis</strong></span> <span class='ocrx_word' id='word_1_46' title='bbox 1140 1123 1204 1183; x_wconf 90' lang='lat' dir='ltr'><strong>eius</strong></span> 
     </span>
     <span class='ocr_line' id='line_1_9' title="bbox 204 1221 1203 1301; baseline -0.001 -18"><span class='ocrx_word' id='word_1_47' title='bbox 204 1225 270 1283; x_wconf 89' lang='lat' dir='ltr'><strong>HS.</strong></span> <span class='ocrx_word' id='word_1_48' title='bbox 295 1234 435 1301; x_wconf 90' lang='lat' dir='ltr'><strong>quattuor</strong></span> <span class='ocrx_word' id='word_1_49' title='bbox 458 1223 578 1284; x_wconf 90' lang='lat' dir='ltr'><strong>milibus</strong></span> <span class='ocrx_word' id='word_1_50' title='bbox 602 1223 822 1284; x_wconf 86' lang='lat' dir='ltr'><strong>aestimaretur:</strong></span> <span class='ocrx_word' id='word_1_51' title='bbox 852 1224 930 1283; x_wconf 90' lang='lat' dir='ltr'><strong>adeo</strong></span> <span class='ocrx_word' id='word_1_52' title='bbox 957 1221 1000 1282; x_wconf 92' lang='lat' dir='ltr'><strong>illi</strong></span> <span class='ocrx_word' id='word_1_53' title='bbox 1027 1221 1082 1281; x_wconf 87' lang='lat' dir='ltr'><strong>uiri</strong></span> <span class='ocrx_word' id='word_1_54' title='bbox 1111 1221 1203 1298; x_wconf 83' lang='lat' dir='ltr'><strong>magis</strong></span> 
     </span>
     <span class='ocr_line' id='line_1_10' title="bbox 205 1321 1204 1398; baseline 0 -19"><span class='ocrx_word' id='word_1_55' title='bbox 205 1322 390 1381; x_wconf 90' lang='lat' dir='ltr'><strong>uoluntatem</strong></span> <span class='ocrx_word' id='word_1_56' title='bbox 414 1321 560 1398; x_wconf 89' lang='lat' dir='ltr'><strong>peccandi</strong></span> <span class='ocrx_word' id='word_1_57' title='bbox 580 1321 772 1381; x_wconf 86' lang='lat' dir='ltr'><strong>intuebantur</strong></span> <span class='ocrx_word' id='word_1_58' title='bbox 795 1341 886 1398; x_wconf 91' lang='lat' dir='ltr'><strong>quam</strong></span> <span class='ocrx_word' id='word_1_59' title='bbox 911 1321 1044 1393; x_wconf 90' lang='lat' dir='ltr'><strong>modum,</strong></span> <span class='ocrx_word' id='word_1_60' title='bbox 1066 1322 1204 1397; x_wconf 88' lang='lat' dir='ltr'><strong>factaque</strong></span> 
     </span>
     <span class='ocr_line' id='line_1_11' title="bbox 162 1416 1250 1496; baseline 0.001 -21"><span class='ocrx_word' id='word_1_61' title='bbox 162 1435 192 1469; x_wconf 79' lang='grc' dir='ltr'><strong>ιο</strong></span> <span class='ocrx_word' id='word_1_62' title='bbox 204 1419 243 1476; x_wconf 90' lang='lat' dir='ltr'><strong>ad</strong></span> <span class='ocrx_word' id='word_1_63' title='bbox 258 1416 415 1478; x_wconf 87' lang='lat' dir='ltr'><strong>consilium</strong></span> <span class='ocrx_word' id='word_1_64' title='bbox 425 1417 595 1496; x_wconf 50' lang='lat' dir='ltr'><strong>¹dirigebant</strong></span> <span class='ocrx_word' id='word_1_65' title='bbox 609 1428 639 1478; x_wconf 92' lang='lat' dir='ltr'><strong>et</strong></span> <span class='ocrx_word' id='word_1_66' title='bbox 653 1418 735 1495; x_wconf 91' lang='lat' dir='ltr'><strong>quid,</strong></span> <span class='ocrx_word' id='word_1_67' title='bbox 751 1438 812 1478; x_wconf 91' lang='lat' dir='ltr'><strong>non</strong></span> <span class='ocrx_word' id='word_1_68' title='bbox 826 1417 858 1477; x_wconf 89' lang='lat' dir='ltr'><strong>in</strong></span> <span class='ocrx_word' id='word_1_69' title='bbox 875 1428 1020 1495; x_wconf 90' lang='lat' dir='ltr'><strong>quantum</strong></span> <span class='ocrx_word' id='word_1_70' title='bbox 1039 1417 1203 1478; x_wconf 82' lang='lat' dir='ltr'><strong>admissum</strong></span> <span class='ocrx_word' id='word_1_71' title='bbox 1248 1449 1250 1455; x_wconf 27' lang='grc' dir='ltr'>ι</span> 
     </span>
     <span class='ocr_line' id='line_1_12' title="bbox 204 1499 1244 1592; baseline -0.001 -20"><span class='ocrx_word' id='word_1_72' title='bbox 204 1516 287 1587; x_wconf 86' lang='lat' dir='ltr'><strong>foret,</strong></span> <span class='ocrx_word' id='word_1_73' title='bbox 316 1515 520 1575; x_wconf 85' lang='lat' dir='ltr'><strong>aestimabant.</strong></span> <span class='ocrx_word' id='word_1_74' title='bbox 563 1514 641 1575; x_wconf 89' lang='lat' dir='ltr'><strong>circa</strong></span> <span class='ocrx_word' id='word_1_75' title='bbox 668 1516 775 1575; x_wconf 90' lang='lat' dir='ltr'><strong>eadem</strong></span> <span class='ocrx_word' id='word_1_76' title='bbox 799 1526 934 1592; x_wconf 89' lang='lat' dir='ltr'><strong>tempora</strong></span> <span class='ocrx_word' id='word_1_77' title='bbox 959 1517 1001 1574; x_wconf 90' lang='lat' dir='ltr'><strong>M.</strong></span> <span class='ocrx_word' id='word_1_78' title='bbox 1031 1515 1062 1574; x_wconf 91' lang='lat' dir='ltr'><strong>C.</strong></span> <span class='ocrx_word' id='word_1_79' title='bbox 1088 1514 1204 1574; x_wconf 89' lang='lat' dir='ltr'><strong>Metelli</strong></span> <span class='ocrx_word' id='word_1_80' title='bbox 1219 1499 1244 1568; x_wconf 62' lang='grc' dir='ltr'><strong>π’</strong></span> 
     </span>
     <span class='ocr_line' id='line_1_13' title="bbox 203 1611 1206 1698; baseline 0.003 -29"><span class='ocrx_word' id='word_1_81' title='bbox 203 1614 304 1672; x_wconf 83' lang='lat' dir='ltr'><strong>fratres</strong></span> <span class='ocrx_word' id='word_1_82' title='bbox 331 1632 393 1673; x_wconf 92' lang='lat' dir='ltr'><strong>uno</strong></span> <span class='ocrx_word' id='word_1_83' title='bbox 421 1612 470 1673; x_wconf 91' lang='lat' dir='ltr'><strong>die</strong></span> <span class='ocrx_word' id='word_1_84' title='bbox 497 1612 761 1689; x_wconf 91' lang='lat' dir='ltr'><strong>triumphauerunt.</strong></span> <span class='ocrx_word' id='word_1_85' title='bbox 805 1633 867 1673; x_wconf 92' lang='lat' dir='ltr'><strong>non</strong></span> <span class='ocrx_word' id='word_1_86' title='bbox 894 1611 993 1698; x_wconf 90' lang='lat' dir='ltr'><strong>minus</strong></span> <span class='ocrx_word' id='word_1_87' title='bbox 1018 1614 1130 1672; x_wconf 91' lang='lat' dir='ltr'><strong>clarum</strong></span> <span class='ocrx_word' id='word_1_88' title='bbox 1158 1633 1206 1672; x_wconf 85' lang='lat' dir='ltr'><strong>ex-</strong></span> 
     </span>
     <span class='ocr_line' id='line_1_14' title="bbox 204 1708 1203 1786; baseline 0.002 -18"><span class='ocrx_word' id='word_1_89' title='bbox 204 1711 336 1786; x_wconf 90' lang='lat' dir='ltr'><strong>emplum</strong></span> <span class='ocrx_word' id='word_1_90' title='bbox 359 1720 388 1769; x_wconf 88' lang='lat' dir='ltr'><strong>et</strong></span> <span class='ocrx_word' id='word_1_91' title='bbox 410 1711 509 1770; x_wconf 89' lang='lat' dir='ltr'><strong>adhuc</strong></span> <span class='ocrx_word' id='word_1_92' title='bbox 532 1709 654 1769; x_wconf 90' lang='lat' dir='ltr'><strong>unicum</strong></span> <span class='ocrx_word' id='word_1_93' title='bbox 678 1709 765 1770; x_wconf 91' lang='lat' dir='ltr'><strong>Fului</strong></span> <span class='ocrx_word' id='word_1_94' title='bbox 790 1709 897 1782; x_wconf 90' lang='lat' dir='ltr'><strong>Flacci,</strong></span> <span class='ocrx_word' id='word_1_95' title='bbox 913 1708 976 1769; x_wconf 90' lang='lat' dir='ltr'><strong>eius</strong></span> <span class='ocrx_word' id='word_1_96' title='bbox 996 1708 1048 1786; x_wconf 92' lang='lat' dir='ltr'><strong>qui</strong></span> <span class='ocrx_word' id='word_1_97' title='bbox 1067 1711 1203 1786; x_wconf 89' lang='lat' dir='ltr'><strong>Capuam</strong></span> 
     </span>
     <span class='ocr_line' id='line_1_15' title="bbox 203 1804 1204 1884; baseline 0.001 -18"><span class='ocrx_word' id='word_1_98' title='bbox 203 1816 329 1883; x_wconf 86' lang='lat' dir='ltr'><strong>ceperat,</strong></span> <span class='ocrx_word' id='word_1_99' title='bbox 344 1804 481 1880; x_wconf 86' lang='lat' dir='ltr'><strong>liliorum,</strong></span> <span class='ocrx_word' id='word_1_100' title='bbox 497 1808 551 1866; x_wconf 92' lang='lat' dir='ltr'><strong>sed</strong></span> <span class='ocrx_word' id='word_1_101' title='bbox 564 1806 683 1866; x_wconf 87' lang='lat' dir='ltr'><strong>alterius</strong></span> <span class='ocrx_word' id='word_1_102' title='bbox 696 1806 727 1866; x_wconf 90' lang='lat' dir='ltr'><strong>in</strong></span> <span class='ocrx_word' id='word_1_103' title='bbox 742 1805 936 1883; x_wconf 90' lang='lat' dir='ltr'><strong>adoptionem</strong></span> <span class='ocrx_word' id='word_1_104' title='bbox 950 1805 1019 1878; x_wconf 90' lang='lat' dir='ltr'><strong>dati,</strong></span> <span class='ocrx_word' id='word_1_105' title='bbox 1032 1805 1063 1864; x_wconf 90' lang='lat' dir='ltr'><strong>in</strong></span> <span class='ocrx_word' id='word_1_106' title='bbox 1078 1806 1204 1884; x_wconf 87' lang='lat' dir='ltr'><strong>collegio</strong></span> 
     </span>
     <span class='ocr_line' id='line_1_16' title="bbox 159 1902 1201 1980; baseline 0.006 -22"><span class='ocrx_word' id='word_1_107' title='bbox 159 1923 187 1974; x_wconf 85' lang='lat'><strong>15</strong></span> <span class='ocrx_word' id='word_1_108' title='bbox 203 1906 374 1964; x_wconf 91' lang='lat' dir='ltr'><strong>consulatus</strong></span> <span class='ocrx_word' id='word_1_109' title='bbox 388 1903 462 1978; x_wconf 87' lang='lat' dir='ltr'><strong>fuit,·</strong></span> <span class='ocrx_word' id='word_1_110' title='bbox 481 1903 641 1980; x_wconf 89' lang='lat' dir='ltr'><strong>adoptiuus</strong></span> <span class='ocrx_word' id='word_1_111' title='bbox 659 1903 690 1963; x_wconf 90' lang='lat' dir='ltr'><strong>in</strong></span> <span class='ocrx_word' id='word_1_112' title='bbox 704 1902 825 1964; x_wconf 84' lang='lat' dir='ltr'><strong>Acidini</strong></span> <span class='ocrx_word' id='word_1_113' title='bbox 840 1902 936 1963; x_wconf 91' lang='lat' dir='ltr'><strong>Manli</strong></span> <span class='ocrx_word' id='word_1_114' title='bbox 949 1902 1091 1962; x_wconf 86' lang='lat' dir='ltr'><strong>familiam</strong></span> <span class='ocrx_word' id='word_1_115' title='bbox 1106 1904 1201 1964; x_wconf 90' lang='lat' dir='ltr'><strong>datus.</strong></span> 
     </span>
     <span class='ocr_line' id='line_1_17' title="bbox 202 1999 1203 2078; baseline 0.001 -18"><span class='ocrx_word' id='word_1_116' title='bbox 202 2021 273 2060; x_wconf 91' lang='lat' dir='ltr'><strong>nam</strong></span> <span class='ocrx_word' id='word_1_117' title='bbox 295 2013 432 2060; x_wconf 91' lang='lat' dir='ltr'><strong>&#39;censura</strong></span> <span class='ocrx_word' id='word_1_118' title='bbox 465 2002 656 2068; x_wconf 88' lang='lat' dir='ltr'><strong>Metellorum</strong></span> <span class='ocrx_word' id='word_1_119' title='bbox 688 1999 874 2078; x_wconf 87' lang='lat' dir='ltr'><strong>patruelium,</strong></span> <span class='ocrx_word' id='word_1_120' title='bbox 903 2020 965 2060; x_wconf 93' lang='lat' dir='ltr'><strong>non</strong></span> <span class='ocrx_word' id='word_1_121' title='bbox 995 2020 1203 2077; x_wconf 87' lang='lat' dir='ltr'><strong>germanorum</strong></span> 
     </span>
     <span class='ocr_line' id='line_1_18' title="bbox 202 2097 1233 2175; baseline 0.001 -19"><span class='ocrx_word' id='word_1_122' title='bbox 202 2100 323 2157; x_wconf 85' lang='lat' dir='ltr'><strong>fratrum</strong></span> <span class='ocrx_word' id='word_1_123' title='bbox 337 2097 400 2171; x_wconf 87' lang='lat' dir='ltr'><strong>luit,</strong></span> <span class='ocrx_word' id='word_1_124' title='bbox 416 2097 499 2175; x_wconf 91' lang='lat' dir='ltr'><strong>quod</strong></span> <span class='ocrx_word' id='word_1_125' title='bbox 514 2097 584 2158; x_wconf 88' lang='lat' dir='ltr'><strong>solis</strong></span> <span class='ocrx_word' id='word_1_126' title='bbox 598 2098 761 2175; x_wconf 87' lang='lat' dir='ltr'><strong>contigerat</strong></span> <span class='ocrx_word' id='word_1_127' title='bbox 775 2097 972 2175; x_wconf 91' lang='lat' dir='ltr'><strong>Scipionibus.</strong></span> <span class='ocrx_word' id='word_1_128' title='bbox 1009 2108 1073 2158; x_wconf 91' lang='lat' dir='ltr'><strong>tum</strong></span> <span class='ocrx_word' id='word_1_129' title='bbox 1088 2097 1203 2159; x_wconf 87' lang='lat' dir='ltr'><strong>Cimbri</strong></span> <span class='ocrx_word' id='word_1_130' title='bbox 1219 2111 1233 2157; x_wconf 81' lang='lat'>3</span> 
     </span>
     <span class='ocr_line' id='line_1_19' title="bbox 202 2189 1203 2272; baseline 0.001 -18"><span class='ocrx_word' id='word_1_131' title='bbox 202 2208 231 2255; x_wconf 92' lang='lat' dir='ltr'><strong>et</strong></span> <span class='ocrx_word' id='word_1_132' title='bbox 245 2195 376 2257; x_wconf 87' lang='lat' dir='ltr'><strong>Teutoni</strong></span> <span class='ocrx_word' id='word_1_133' title='bbox 390 2189 598 2257; x_wconf 89' lang='lat' dir='ltr'><strong>transcendere</strong></span> <span class='ocrx_word' id='word_1_134' title='bbox 609 2198 760 2268; x_wconf 91' lang='lat' dir='ltr'><strong>Rhenum,</strong></span> <span class='ocrx_word' id='word_1_135' title='bbox 772 2195 872 2254; x_wconf 91' lang='lat' dir='ltr'><strong>multis</strong></span> <span class='ocrx_word' id='word_1_136' title='bbox 884 2215 954 2254; x_wconf 91' lang='lat' dir='ltr'><strong>mox</strong></span> <span class='ocrx_word' id='word_1_137' title='bbox 963 2194 1071 2255; x_wconf 89' lang='lat' dir='ltr'><strong>nostris</strong></span> <span class='ocrx_word' id='word_1_138' title='bbox 1082 2195 1203 2272; x_wconf 89' lang='lat' dir='ltr'><strong>suisque</strong></span> 
     </span>
     <span class='ocr_line' id='line_1_20' title="bbox 202 2291 1200 2370; baseline -0.002 -18"><span class='ocrx_word' id='word_1_139' title='bbox 202 2293 336 2353; x_wconf 91' lang='lat' dir='ltr'><strong>cladibus</strong></span> <span class='ocrx_word' id='word_1_140' title='bbox 352 2293 477 2353; x_wconf 90' lang='lat' dir='ltr'><strong>nobiles.</strong></span> <span class='ocrx_word' id='word_1_141' title='bbox 519 2313 573 2370; x_wconf 92' lang='lat' dir='ltr'><strong>per</strong></span> <span class='ocrx_word' id='word_1_142' title='bbox 591 2295 697 2354; x_wconf 90' lang='lat' dir='ltr'><strong>eadem</strong></span> <span class='ocrx_word' id='word_1_143' title='bbox 716 2304 851 2370; x_wconf 89' lang='lat' dir='ltr'><strong>tempora</strong></span> <span class='ocrx_word' id='word_1_144' title='bbox 872 2293 967 2352; x_wconf 90' lang='lat' dir='ltr'><strong>clarus</strong></span> <span class='ocrx_word' id='word_1_145' title='bbox 990 2291 1054 2352; x_wconf 89' lang='lat' dir='ltr'><strong>eius</strong></span> <span class='ocrx_word' id='word_1_146' title='bbox 1075 2291 1200 2364; x_wconf 91' lang='lat' dir='ltr'><strong>Minuci,</strong></span> 
     </span>
     <span class='ocr_line' id='line_1_21' title="bbox 158 2388 1202 2468; baseline 0.001 -21"><span class='ocrx_word' id='word_1_147' title='bbox 158 2415 188 2448; x_wconf 86' lang='lat'><strong>20</strong></span> <span class='ocrx_word' id='word_1_148' title='bbox 201 2389 254 2466; x_wconf 87' lang='lat' dir='ltr'><strong>qui</strong></span> <span class='ocrx_word' id='word_1_149' title='bbox 275 2390 414 2467; x_wconf 89' lang='lat' dir='ltr'><strong>porticus,</strong></span> <span class='ocrx_word' id='word_1_150' title='bbox 430 2410 508 2468; x_wconf 91' lang='lat' dir='ltr'><strong>quae</strong></span> <span class='ocrx_word' id='word_1_151' title='bbox 531 2391 682 2468; x_wconf 90' lang='lat' dir='ltr'><strong>hodieque</strong></span> <span class='ocrx_word' id='word_1_152' title='bbox 703 2389 834 2450; x_wconf 90' lang='lat' dir='ltr'><strong>celebres</strong></span> <span class='ocrx_word' id='word_1_153' title='bbox 855 2400 933 2462; x_wconf 90' lang='lat' dir='ltr'><strong>sunt,</strong></span> <span class='ocrx_word' id='word_1_154' title='bbox 956 2388 1076 2450; x_wconf 89' lang='lat' dir='ltr'><strong>molitus</strong></span> <span class='ocrx_word' id='word_1_155' title='bbox 1097 2400 1150 2462; x_wconf 89' lang='lat' dir='ltr'><strong>est,</strong></span> <span class='ocrx_word' id='word_1_156' title='bbox 1166 2409 1202 2449; x_wconf 82' lang='lat' dir='ltr'><strong>ex</strong></span> 
     </span>
     <span class='ocr_line' id='line_1_22' title="bbox 201 2486 621 2564; baseline 0.002 -18"><span class='ocrx_word' id='word_1_157' title='bbox 201 2486 364 2548; x_wconf 89' lang='lat' dir='ltr'><strong>Scordiscis</strong></span> <span class='ocrx_word' id='word_1_158' title='bbox 378 2487 545 2564; x_wconf 89' lang='lat' dir='ltr'><strong>triumphus</strong></span> <span class='ocrx_word' id='word_1_159' title='bbox 559 2487 621 2548; x_wconf 87' lang='lat' dir='ltr'><strong>fuit.</strong></span> 
     </span>
     <span class='ocr_line' id='line_1_23' title="bbox 242 2583 1236 2663; baseline -0.001 -19"><span class='ocrx_word' id='word_1_160' title='bbox 242 2587 360 2645; x_wconf 88' lang='lat' dir='ltr'><strong>Eodem</strong></span> <span class='ocrx_word' id='word_1_161' title='bbox 374 2596 469 2645; x_wconf 89' lang='lat' dir='ltr'><strong>tractu</strong></span> <span class='ocrx_word' id='word_1_162' title='bbox 483 2596 652 2663; x_wconf 91' lang='lat' dir='ltr'><strong>temporum</strong></span> <span class='ocrx_word' id='word_1_163' title='bbox 666 2585 818 2645; x_wconf 91' lang='lat' dir='ltr'><strong>nituerunt</strong></span> <span class='ocrx_word' id='word_1_164' title='bbox 836 2594 966 2645; x_wconf 91' lang='lat' dir='ltr'><strong>oratores</strong></span> <span class='ocrx_word' id='word_1_165' title='bbox 986 2583 1086 2660; x_wconf 86' lang='lat' dir='ltr'><strong>Scipio</strong></span> <span class='ocrx_word' id='word_1_166' title='bbox 1101 2585 1200 2645; x_wconf 90' lang='lat' dir='ltr'><strong>Aemi·</strong></span> <span class='ocrx_word' id='word_1_167' title='bbox 1214 2593 1236 2650; x_wconf 89' lang='lat'><strong>9</strong></span> 
     </span>
     <span class='ocr_line' id='line_1_24' title="bbox 200 2680 1199 2759; baseline 0.003 -21"><span class='ocrx_word' id='word_1_168' title='bbox 200 2680 296 2740; x_wconf 92' lang='lat' dir='ltr'><strong>lianus</strong></span> <span class='ocrx_word' id='word_1_169' title='bbox 324 2681 511 2759; x_wconf 89' lang='lat' dir='ltr'><strong>Laeliusque,</strong></span> <span class='ocrx_word' id='word_1_170' title='bbox 535 2683 594 2742; x_wconf 91' lang='lat' dir='ltr'><strong>Ser.</strong></span> <span class='ocrx_word' id='word_1_171' title='bbox 622 2682 726 2755; x_wconf 87' lang='lat' dir='ltr'><strong>Galba,</strong></span> <span class='ocrx_word' id='word_1_172' title='bbox 751 2683 812 2742; x_wconf 92' lang='lat' dir='ltr'><strong>duo</strong></span> <span class='ocrx_word' id='word_1_173' title='bbox 837 2680 973 2754; x_wconf 90' lang='lat' dir='ltr'><strong>Gracchi,</strong></span> <span class='ocrx_word' id='word_1_174' title='bbox 1000 2683 1033 2742; x_wconf 87' lang='lat' dir='ltr'><strong>C.</strong></span> <span class='ocrx_word' id='word_1_175' title='bbox 1059 2681 1199 2754; x_wconf 90' lang='lat' dir='ltr'><strong>Fannius,</strong></span> 
     </span>
     <span class='ocr_line' id='line_1_25' title="bbox 201 2777 1200 2857; baseline 0.002 -21"><span class='ocrx_word' id='word_1_176' title='bbox 201 2778 301 2837; x_wconf 92' lang='lat' dir='ltr'><strong>Carbo</strong></span> <span class='ocrx_word' id='word_1_177' title='bbox 326 2777 459 2855; x_wconf 90' lang='lat' dir='ltr'><strong>Papirius</strong></span> <span class='ocrx_word' id='word_1_178' title='bbox 469 2800 478 2853; x_wconf 78' lang='lat'><em>3</em></span> <span class='ocrx_word' id='word_1_179' title='bbox 508 2799 565 2839; x_wconf 91' lang='lat' dir='ltr'><strong>nec</strong></span> <span class='ocrx_word' id='word_1_180' title='bbox 592 2781 823 2857; x_wconf 90' lang='lat' dir='ltr'><strong>praetereundus</strong></span> <span class='ocrx_word' id='word_1_181' title='bbox 853 2779 993 2838; x_wconf 93' lang='lat' dir='ltr'><strong>Metellus</strong></span> <span class='ocrx_word' id='word_1_182' title='bbox 1022 2778 1200 2839; x_wconf 89' lang='lat' dir='ltr'><strong>Numidicus</strong></span> 
     </span>
    </p>
   </div>
   <div class='ocr_carea' id='block_1_3' title="bbox 199 2925 1201 3062">
    <p class='ocr_par' dir='ltr' id='par_1_3' title="bbox 199 2925 1201 3062">
     <span class='ocr_line' id='line_1_26' title="bbox 236 2925 1201 2998; baseline 0.002 -18"><span class='ocrx_word' id='word_1_183' title='bbox 236 2949 247 2980; x_wconf 95' lang='lat'>1</span> <span class='ocrx_word' id='word_1_184' title='bbox 267 2933 330 2981; x_wconf 91' lang='lat' dir='ltr'><strong>ultio</strong></span> <span class='ocrx_word' id='word_1_185' title='bbox 346 2933 390 2981; x_wconf 82' lang='lat' dir='ltr'><strong>del.</strong></span> <span class='ocrx_word' id='word_1_186' title='bbox 401 2934 501 2997; x_wconf 79' lang='lat' dir='ltr'><strong>Bentley</strong></span> <span class='ocrx_word' id='word_1_187' title='bbox 511 2941 534 2982; x_wconf 81' lang='lat' dir='ltr'><strong>et</strong></span> <span class='ocrx_word' id='word_1_188' title='bbox 545 2925 673 2998; x_wconf 72' lang='lat' dir='ltr'><strong>Woplmis.</strong></span> <span class='ocrx_word' id='word_1_189' title='bbox 707 2935 757 2983; x_wconf 81' lang='lat' dir='ltr'><strong>Hic</strong></span> <span class='ocrx_word' id='word_1_190' title='bbox 765 2939 848 2982; x_wconf 80' lang='lat' dir='ltr'><strong>lamen</strong></span> <span class='ocrx_word' id='word_1_191' title='bbox 860 2934 982 2982; x_wconf 75' lang='lat' dir='ltr'><strong>leclrbnem</strong></span> <span class='ocrx_word' id='word_1_192' title='bbox 994 2933 1113 2982; x_wconf 73' lang='lat' dir='ltr'><strong>traditam</strong></span> <span class='ocrx_word' id='word_1_193' title='bbox 1124 2936 1201 2982; x_wconf 71' lang='lat' dir='ltr'><strong>tuitus</strong></span> 
     </span>
     <span class='ocr_line' id='line_1_27' title="bbox 199 2997 1200 3062; baseline 0.001 -16"><span class='ocrx_word' id='word_1_194' title='bbox 199 3004 236 3046; x_wconf 80' lang='lat' dir='ltr'><strong>est</strong></span> <span class='ocrx_word' id='word_1_195' title='bbox 249 2998 312 3048; x_wconf 84' lang='lat' dir='ltr'><strong>Tull.</strong></span> <span class='ocrx_word' id='word_1_196' title='bbox 324 2997 387 3048; x_wconf 78' lang='lat' dir='ltr'><strong>Lect.</strong></span> <span class='ocrx_word' id='word_1_197' title='bbox 404 3001 477 3060; x_wconf 74' lang='lat'>§148</span> <span class='ocrx_word' id='word_1_198' title='bbox 580 2999 770 3062; x_wconf 87' lang='lat' dir='ltr'><strong>3PortioAP</strong></span> <span class='ocrx_word' id='word_1_199' title='bbox 835 2998 1018 3060; x_wconf 86' lang='lat' dir='ltr'><strong>MartioqueP</strong></span> <span class='ocrx_word' id='word_1_200' title='bbox 1113 3013 1200 3061; x_wconf 86' lang='lat' dir='ltr'><strong>5me·</strong></span> 
     </span>
    </p>
   </div>
   <div class='ocr_carea' id='block_1_4' title="bbox 200 3069 1200 3227">
    <p class='ocr_par' dir='ltr' id='par_1_4' title="bbox 200 3069 1200 3227">
     <span class='ocr_line' id='line_1_28' title="bbox 202 3069 1200 3146; baseline 0.001 -18"><span class='ocrx_word' id='word_1_201' title='bbox 202 3081 282 3128; x_wconf 89' lang='lat' dir='ltr'><strong>moria</strong></span> <span class='ocrx_word' id='word_1_202' title='bbox 299 3095 358 3128; x_wconf 87' lang='lat' dir='ltr'><strong>esae</strong></span> <span class='ocrx_word' id='word_1_203' title='bbox 375 3080 472 3129; x_wconf 84' lang='lat' dir='ltr'><strong>ueritas</strong></span> <span class='ocrx_word' id='word_1_204' title='bbox 488 3081 514 3128; x_wconf 89' lang='lat' dir='ltr'><em>A</em></span> <span class='ocrx_word' id='word_1_205' title='bbox 529 3083 603 3146; x_wconf 74' lang='lat' dir='ltr'><strong>prius</strong></span> <span class='ocrx_word' id='word_1_206' title='bbox 710 3084 727 3130; x_wconf 90' lang='lat'><strong>6</strong></span> <span class='ocrx_word' id='word_1_207' title='bbox 743 3069 810 3131; x_wconf 64' lang='lat' dir='ltr'><strong>ffiS</strong></span> <span class='ocrx_word' id='word_1_208' title='bbox 830 3081 908 3143; x_wconf 89' lang='lat' dir='ltr'><strong>(COS</strong></span> <span class='ocrx_word' id='word_1_209' title='bbox 922 3081 956 3144; x_wconf 90' lang='lat' dir='ltr'><strong>P)</strong></span> <span class='ocrx_word' id='word_1_210' title='bbox 976 3080 1042 3129; x_wconf 90' lang='lat' dir='ltr'><strong>Cato</strong></span> <span class='ocrx_word' id='word_1_211' title='bbox 1060 3081 1200 3130; x_wconf 89' lang='lat' dir='ltr'><strong>consularis</strong></span> 
     </span>
     <span class='ocr_line' id='line_1_29' title="bbox 200 3155 1199 3227; baseline 0.003 -19"><span class='ocrx_word' id='word_1_212' title='bbox 200 3162 269 3210; x_wconf 86' lang='lat' dir='ltr'><strong>AP:</strong></span> <span class='ocrx_word' id='word_1_213' title='bbox 288 3178 337 3214; x_wconf 78' lang='lat' dir='ltr'><strong>em.</strong></span> <span class='ocrx_word' id='word_1_214' title='bbox 352 3161 437 3210; x_wconf 88' lang='lat' dir='ltr'><strong>Aldus</strong></span> <span class='ocrx_word' id='word_1_215' title='bbox 534 3177 548 3225; x_wconf 84' lang='lat'><strong>7</strong></span> <span class='ocrx_word' id='word_1_216' title='bbox 565 3164 596 3212; x_wconf 89' lang='lat' dir='ltr'><strong>lis</strong></span> <span class='ocrx_word' id='word_1_217' title='bbox 614 3165 670 3212; x_wconf 88' lang='lat' dir='ltr'><strong>eius</strong></span> <span class='ocrx_word' id='word_1_218' title='bbox 689 3164 718 3227; x_wconf 86' lang='lat' dir='ltr'><strong>(li</strong></span> <span class='ocrx_word' id='word_1_219' title='bbox 735 3165 803 3212; x_wconf 89' lang='lat' dir='ltr'><strong>seius</strong></span> <span class='ocrx_word' id='word_1_220' title='bbox 817 3164 889 3227; x_wconf 73' lang='lat' dir='ltr'><strong>ptius</strong></span> <span class='ocrx_word' id='word_1_221' title='bbox 899 3162 939 3226; x_wconf 90' lang='lat' dir='ltr'><strong>A)</strong></span> <span class='ocrx_word' id='word_1_222' title='bbox 958 3155 1005 3210; x_wconf 71' lang='grc' dir='ltr'><strong>ιιῖ</strong></span> <span class='ocrx_word' id='word_1_223' title='bbox 1016 3163 1114 3214; x_wconf 86' lang='lat' dir='ltr'><strong>aestim.</strong></span> <span class='ocrx_word' id='word_1_224' title='bbox 1132 3163 1199 3211; x_wconf 91' lang='lat' dir='ltr'><strong>AP:</strong></span> 
     </span>
    </p>
   </div>
   <div class='ocr_carea' id='block_1_5' title="bbox 200 3236 1201 3361">
    <p class='ocr_par' dir='ltr' id='par_1_5' title="bbox 200 3236 1201 3361">
     <span class='ocr_line' id='line_1_30' title="bbox 200 3236 1199 3308; baseline 0.003 -17"><span class='ocrx_word' id='word_1_225' title='bbox 200 3244 232 3292; x_wconf 84' lang='lat' dir='ltr'><strong>lis</strong></span> <span class='ocrx_word' id='word_1_226' title='bbox 248 3245 274 3292; x_wconf 92' lang='lat' dir='ltr'><strong>ei</strong></span> <span class='ocrx_word' id='word_1_227' title='bbox 292 3245 339 3293; x_wconf 88' lang='lat' dir='ltr'><strong>HS</strong></span> <span class='ocrx_word' id='word_1_228' title='bbox 356 3236 398 3292; x_wconf 60' lang='grc' dir='ltr'>ᾗ</span> <span class='ocrx_word' id='word_1_229' title='bbox 415 3251 477 3294; x_wconf 81' lang='lat' dir='ltr'><strong>aest</strong></span> <span class='ocrx_word' id='word_1_230' title='bbox 497 3245 610 3308; x_wconf 82' lang='lat' dir='ltr'><strong>Scaliger</strong></span> <span class='ocrx_word' id='word_1_231' title='bbox 622 3251 645 3294; x_wconf 81' lang='lat' dir='ltr'><strong>et</strong></span> <span class='ocrx_word' id='word_1_232' title='bbox 662 3246 823 3295; x_wconf 82' lang='lat' dir='ltr'><strong>Salmasius:</strong></span> <span class='ocrx_word' id='word_1_233' title='bbox 850 3245 869 3294; x_wconf 87' lang='lat' dir='ltr'><strong>l.</strong></span> <span class='ocrx_word' id='word_1_234' title='bbox 889 3245 944 3294; x_wconf 91' lang='lat' dir='ltr'><strong>eius</strong></span> <span class='ocrx_word' id='word_1_235' title='bbox 963 3245 1111 3294; x_wconf 89' lang='lat' dir='ltr'><strong>sestertium</strong></span> <span class='ocrx_word' id='word_1_236' title='bbox 1127 3253 1199 3306; x_wconf 87' lang='lat' dir='ltr'><strong>quat-</strong></span> 
     </span>
     <span class='ocr_line' id='line_1_31' title="bbox 201 3309 1201 3361; baseline 0.002 -3"><span class='ocrx_word' id='word_1_237' title='bbox 201 3317 261 3359; x_wconf 89' lang='lat' dir='ltr'><strong>tuor</strong></span> <span class='ocrx_word' id='word_1_238' title='bbox 272 3310 373 3358; x_wconf 89' lang='lat' dir='ltr'><strong>milibus</strong></span> <span class='ocrx_word' id='word_1_239' title='bbox 384 3311 458 3358; x_wconf 79' lang='lat' dir='ltr'><strong>Kn&#39;la</strong></span> <span class='ocrx_word' id='word_1_240' title='bbox 468 3315 491 3358; x_wconf 80' lang='lat' dir='ltr'><strong>el</strong></span> <span class='ocrx_word' id='word_1_241' title='bbox 500 3311 583 3359; x_wconf 88' lang='lat' dir='ltr'><strong>Halm</strong></span> <span class='ocrx_word' id='word_1_242' title='bbox 673 3327 700 3359; x_wconf 94' lang='lat'><strong>11</strong></span> <span class='ocrx_word' id='word_1_243' title='bbox 721 3312 754 3360; x_wconf 94' lang='lat' dir='ltr'><strong>M.</strong></span> <span class='ocrx_word' id='word_1_244' title='bbox 769 3312 798 3361; x_wconf 89' lang='lat' dir='ltr'><strong>C.</strong></span> <span class='ocrx_word' id='word_1_245' title='bbox 814 3309 880 3358; x_wconf 77' lang='lat' dir='ltr'><strong>Vasa.</strong></span> <span class='ocrx_word' id='word_1_246' title='bbox 894 3327 900 3358; x_wconf 74' lang='grc' dir='ltr'><strong><em>ε</em></strong></span> <span class='ocrx_word' id='word_1_247' title='bbox 919 3310 953 3360; x_wconf 90' lang='lat' dir='ltr'><strong>M.</strong></span> <span class='ocrx_word' id='word_1_248' title='bbox 967 3309 1035 3358; x_wconf 83' lang='lat' dir='ltr'><strong>AP:</strong></span> <span class='ocrx_word' id='word_1_249' title='bbox 1052 3311 1104 3359; x_wconf 94' lang='lat' dir='ltr'><strong>duo</strong></span> <span class='ocrx_word' id='word_1_250' title='bbox 1114 3311 1201 3360; x_wconf 83' lang='lat' dir='ltr'><strong>Aldus</strong></span> 
     </span>
    </p>
   </div>
   <div class='ocr_carea' id='block_1_6' title="bbox 200 3391 1201 3782">
    <p class='ocr_par' dir='ltr' id='par_1_6' title="bbox 200 3391 1201 3782">
     <span class='ocr_line' id='line_1_32' title="bbox 203 3391 1200 3454; baseline 0.007 -18"><span class='ocrx_word' id='word_1_251' title='bbox 203 3405 231 3451; x_wconf 85' lang='lat'><strong>14</strong></span> <span class='ocrx_word' id='word_1_252' title='bbox 243 3399 365 3454; x_wconf 89' lang='lat' dir='ltr'><strong>coeperat</strong></span> <span class='ocrx_word' id='word_1_253' title='bbox 376 3391 402 3438; x_wconf 89' lang='lat' dir='ltr'><em>A</em></span> <span class='ocrx_word' id='word_1_254' title='bbox 473 3406 502 3453; x_wconf 87' lang='lat'><strong>15</strong></span> <span class='ocrx_word' id='word_1_255' title='bbox 514 3392 660 3442; x_wconf 88' lang='lat' dir='ltr'><strong>consulatus</strong></span> <span class='ocrx_word' id='word_1_256' title='bbox 671 3393 783 3443; x_wconf 81' lang='lat' dir='ltr'><strong>Krause:</strong></span> <span class='ocrx_word' id='word_1_257' title='bbox 799 3393 866 3441; x_wconf 89' lang='lat' dir='ltr'><strong>COS</strong></span> <span class='ocrx_word' id='word_1_258' title='bbox 878 3392 923 3440; x_wconf 90' lang='lat' dir='ltr'><strong>A:</strong></span> <span class='ocrx_word' id='word_1_259' title='bbox 940 3393 1008 3441; x_wconf 88' lang='lat' dir='ltr'><strong>COS</strong></span> <span class='ocrx_word' id='word_1_260' title='bbox 1020 3393 1047 3440; x_wconf 91' lang='lat' dir='ltr'><em>P</em></span> <span class='ocrx_word' id='word_1_261' title='bbox 1116 3409 1200 3443; x_wconf 85' lang='lat' dir='ltr'><strong>mace-</strong></span> 
     </span>
     <span class='ocr_line' id='line_1_33' title="bbox 201 3456 1201 3521; baseline 0.002 -17"><span class='ocrx_word' id='word_1_262' title='bbox 201 3457 276 3505; x_wconf 87' lang='lat' dir='ltr'><strong>deani</strong></span> <span class='ocrx_word' id='word_1_263' title='bbox 288 3472 347 3506; x_wconf 85' lang='lat' dir='ltr'><strong>corr.</strong></span> <span class='ocrx_word' id='word_1_264' title='bbox 359 3459 386 3506; x_wconf 78' lang='lat' dir='ltr'><strong>in</strong></span> <span class='ocrx_word' id='word_1_265' title='bbox 398 3456 549 3520; x_wconf 84' lang='lat' dir='ltr'><strong>macidoani,</strong></span> <span class='ocrx_word' id='word_1_266' title='bbox 563 3457 617 3505; x_wconf 70' lang='lat' dir='ltr'><strong>derit</strong></span> <span class='ocrx_word' id='word_1_267' title='bbox 629 3459 673 3506; x_wconf 84' lang='lat' dir='ltr'><strong>hoc</strong></span> <span class='ocrx_word' id='word_1_268' title='bbox 682 3474 751 3506; x_wconf 77' lang='lat' dir='ltr'><strong>eraso</strong></span> <span class='ocrx_word' id='word_1_269' title='bbox 760 3465 881 3521; x_wconf 82' lang='lat' dir='ltr'><strong>suprascr.</strong></span> <span class='ocrx_word' id='word_1_270' title='bbox 897 3459 1032 3507; x_wconf 87' lang='lat' dir='ltr'><strong>macidiani</strong></span> <span class='ocrx_word' id='word_1_271' title='bbox 1044 3456 1070 3505; x_wconf 94' lang='lat' dir='ltr'><em>A</em></span> <span class='ocrx_word' id='word_1_272' title='bbox 1088 3461 1201 3506; x_wconf 70' lang='lat' dir='ltr'><strong>aluisus</strong></span> 
     </span>
     <span class='ocr_line' id='line_1_34' title="bbox 200 3523 1198 3587; baseline 0.001 -18"><span class='ocrx_word' id='word_1_273' title='bbox 200 3537 259 3570; x_wconf 84' lang='lat' dir='ltr'><strong>sum</strong></span> <span class='ocrx_word' id='word_1_274' title='bbox 276 3524 365 3586; x_wconf 80' lang='lat' dir='ltr'><strong>legere:</strong></span> <span class='ocrx_word' id='word_1_275' title='bbox 388 3523 414 3570; x_wconf 92' lang='lat' dir='ltr'><strong>in</strong></span> <span class='ocrx_word' id='word_1_276' title='bbox 425 3523 544 3571; x_wconf 86' lang='lat' dir='ltr'><strong>Acidiani</strong></span> <span class='ocrx_word' id='word_1_277' title='bbox 555 3523 595 3570; x_wconf 89' lang='lat' dir='ltr'><strong>P:</strong></span> <span class='ocrx_word' id='word_1_278' title='bbox 611 3523 638 3570; x_wconf 88' lang='lat' dir='ltr'><strong>in</strong></span> <span class='ocrx_word' id='word_1_279' title='bbox 650 3523 752 3572; x_wconf 90' lang='lat' dir='ltr'><strong>Acidini</strong></span> <span class='ocrx_word' id='word_1_280' title='bbox 763 3523 883 3587; x_wconf 79' lang='lat' dir='ltr'><strong>Sigonius</strong></span> <span class='ocrx_word' id='word_1_281' title='bbox 894 3529 916 3570; x_wconf 81' lang='lat' dir='ltr'><strong>cl</strong></span> <span class='ocrx_word' id='word_1_282' title='bbox 926 3523 1011 3572; x_wconf 87' lang='lat' dir='ltr'><strong>Aldus</strong></span> <span class='ocrx_word' id='word_1_283' title='bbox 1083 3525 1160 3573; x_wconf 84' lang='lat' dir='ltr'><strong>filiam</strong></span> <span class='ocrx_word' id='word_1_284' title='bbox 1172 3523 1198 3570; x_wconf 95' lang='lat' dir='ltr'><em>A</em></span> 
     </span>
     <span class='ocr_line' id='line_1_35' title="bbox 203 3586 1200 3650; baseline 0.003 -17"><span class='ocrx_word' id='word_1_285' title='bbox 203 3589 234 3634; x_wconf 88' lang='lat'><strong>16</strong></span> <span class='ocrx_word' id='word_1_286' title='bbox 250 3603 358 3636; x_wconf 88' lang='lat' dir='ltr'><strong>censura</strong></span> <span class='ocrx_word' id='word_1_287' title='bbox 377 3589 505 3637; x_wconf 66' lang='lat' dir='ltr'><strong>Garamas:</strong></span> <span class='ocrx_word' id='word_1_288' title='bbox 527 3603 620 3637; x_wconf 89' lang='lat' dir='ltr'><strong>census</strong></span> <span class='ocrx_word' id='word_1_289' title='bbox 636 3586 690 3635; x_wconf 85' lang='grc' dir='ltr'><strong>ΑΡ</strong></span> <span class='ocrx_word' id='word_1_290' title='bbox 811 3591 841 3637; x_wconf 83' lang='lat'><strong>18</strong></span> <span class='ocrx_word' id='word_1_291' title='bbox 858 3591 1023 3638; x_wconf 86' lang='lat' dir='ltr'><strong>transcedere</strong></span> <span class='ocrx_word' id='word_1_292' title='bbox 1041 3589 1067 3636; x_wconf 91' lang='lat' dir='ltr'><em>A</em></span> <span class='ocrx_word' id='word_1_293' title='bbox 1170 3603 1200 3650; x_wconf 90' lang='lat'><strong>19</strong></span> 
     </span>
     <span class='ocr_line' id='line_1_36' title="bbox 202 3653 1200 3704; baseline 0.002 -5"><span class='ocrx_word' id='word_1_294' title='bbox 202 3653 347 3702; x_wconf 87' lang='lat' dir='ltr'><strong>nobilisA:</strong></span> <span class='ocrx_word' id='word_1_295' title='bbox 364 3655 443 3702; x_wconf 87' lang='lat' dir='ltr'><strong>immo</strong></span> <span class='ocrx_word' id='word_1_296' title='bbox 454 3654 565 3702; x_wconf 88' lang='lat' dir='ltr'><strong>nobilem</strong></span> <span class='ocrx_word' id='word_1_297' title='bbox 588 3673 589 3678; x_wconf 47' lang='lat'>¹</span> <span class='ocrx_word' id='word_1_298' title='bbox 635 3653 723 3702; x_wconf 91' lang='lat' dir='ltr'><strong>Minici</strong></span> <span class='ocrx_word' id='word_1_299' title='bbox 734 3653 774 3702; x_wconf 86' lang='lat' dir='ltr'><strong>P:</strong></span> <span class='ocrx_word' id='word_1_300' title='bbox 792 3654 887 3703; x_wconf 84' lang='lat' dir='ltr'><strong>Manioi</strong></span> <span class='ocrx_word' id='word_1_301' title='bbox 898 3653 924 3701; x_wconf 93' lang='lat' dir='ltr'><em>A</em></span> <span class='ocrx_word' id='word_1_302' title='bbox 992 3671 1025 3704; x_wconf 82' lang='lat' dir='ltr'><strong>ao</strong></span> <span class='ocrx_word' id='word_1_303' title='bbox 1042 3654 1200 3704; x_wconf 83' lang='lat' dir='ltr'><strong>excordiscis</strong></span> 
     </span>
     <span class='ocr_line' id='line_1_37' title="bbox 201 3717 807 3782; baseline 0.007 -18"><span class='ocrx_word' id='word_1_304' title='bbox 201 3718 226 3764; x_wconf 86' lang='lat' dir='ltr'><em>A</em></span> <span class='ocrx_word' id='word_1_305' title='bbox 320 3733 352 3767; x_wconf 81' lang='lat' dir='ltr'><strong>aa</strong></span> <span class='ocrx_word' id='word_1_306' title='bbox 369 3727 450 3768; x_wconf 87' lang='lat' dir='ltr'><strong>tractu</strong></span> <span class='ocrx_word' id='word_1_307' title='bbox 463 3725 481 3770; x_wconf 86' lang='lat' dir='ltr'><strong>t.</strong></span> <span class='ocrx_word' id='word_1_308' title='bbox 493 3717 563 3768; x_wconf 83' lang='lat' dir='ltr'><strong>AB:</strong></span> <span class='ocrx_word' id='word_1_309' title='bbox 580 3727 724 3782; x_wconf 90' lang='lat' dir='ltr'><strong>temporum</strong></span> <span class='ocrx_word' id='word_1_310' title='bbox 736 3726 754 3769; x_wconf 91' lang='lat' dir='ltr'><strong>t.</strong></span> <span class='ocrx_word' id='word_1_311' title='bbox 765 3719 792 3767; x_wconf 90' lang='lat' dir='ltr'><em>P</em></span> <span class='ocrx_word' id='word_1_312' title='bbox 805 3741 807 3745; x_wconf 59' lang='grc'>’</span> 
     </span>
    </p>
   </div>
   <div class='ocr_carea' id='block_1_7' title="bbox 686 3908 714 3962">
    <p class='ocr_par' dir='ltr' id='par_1_7' title="bbox 686 3908 714 3962">
     <span class='ocr_line' id='line_1_38' title="bbox 686 3908 714 3962; baseline 0 0"><span class='ocrx_word' id='word_1_313' title='bbox 686 3908 714 3962; x_wconf 78' lang='lat'><strong>²7</strong></span> 
     </span>
    </p>
   </div>
   <div class='ocr_carea' id='block_1_8' title="bbox 0 0 1410 4350">
    <p class='ocr_par' dir='ltr' id='par_1_8' title="bbox 0 0 1410 4350">
     <span class='ocr_line' id='line_1_39' title="bbox 0 0 1410 4350; baseline 0 0"><span class='ocrx_word' id='word_1_314' title='bbox 0 0 1410 4350; x_wconf 95' lang='lat' dir='ltr'><strong> </strong></span> 
     </span>
    </p>
   </div>
  </div>
 </body>
</html>
