2810 4350
631 327 761 388 LIBER
782 328 797 388 I

217 489 363 552 Corintho
382 490 568 568 Athenisque
590 491 702 565 urbem,
719 491 888 552 condidere.
932 512 967 553 ea
987 503 1163 569 tempestate
1184 504 1241 560 eta

216 589 306 667 Tyria
326 589 435 664 classis,
453 589 614 668 plurimum
635 592 751 666 pollens
773 589 854 664 mari,
870 590 901 649 in
922 590 1028 651 ultimo
1049 591 1213 668 Hispaniae
1306 658 1310 666 ,

216 699 320 761 tractu,
343 685 399 769 [in]
421 700 552 748 extremo
573 686 666 748 nostri
687 687 767 748 orbis
790 687 925 762 termino,
944 687 1072 749 insulam
1092 689 1215 749 circum-

216 789 312 847 fusam
327 788 459 861 Oceano,
475 786 633 864 perexiguo
652 807 669 846 a
688 786 852 847 continenti
873 786 1000 848 diuisam
1021 789 1105 861 freto,
1121 787 1214 848 Gadis

189 884 359 958 5condidit.
403 885 442 944 ab
465 884 571 945 iisdem
599 895 667 961 post
691 904 803 962 paucos
827 904 923 945 annos
947 885 978 944 in
1003 885 1104 945 Africa
1127 885 1215 945 Vtica

217 982 339 1042 condita
357 994 409 1042 est.
452 982 563 1043 exclusi
581 983 620 1042 ab
636 982 805 1056 Heraclidis
820 982 933 1043 Orestis
951 983 1037 1043 liberi
1055 982 1214 1059 iactatique

217 1100 286 1141 cum
301 1081 388 1142 uariis
406 1081 523 1142 casibus
540 1093 604 1141 tum
624 1081 746 1142 saeuitia
761 1080 848 1142 maris
868 1082 973 1158 quinto
994 1081 1113 1142 decimo
1134 1101 1214 1141 anno

182 1173 185 1179 ’
218 1180 320 1239 sedem
335 1199 440 1256 cepere
454 1179 532 1240 circa
546 1180 678 1240 Lesbum
692 1179 828 1240 insulam.

258 1280 337 1337 Tum
353 1279 477 1339 Graecia
491 1279 625 1339 maximis
640 1298 786 1339 concussa
804 1288 848 1339 est
868 1278 1006 1338 motibus.
1050 1277 1164 1338 Achaei
1178 1298 1214 1336 ex
1227 1297 1246 1355 3

174 1395 204 1428 10
219 1375 367 1436 Laconica
387 1377 465 1454 pulsi
486 1396 536 1437 eas
557 1397 740 1454 occupavere
761 1375 848 1449 sedis,
864 1395 938 1453 quas
957 1395 1038 1436 nunc
1060 1375 1213 1436 obtinent:

218 1473 332 1550 Pelasgi
343 1476 477 1535 Athenas
488 1473 729 1551 commigrauere,
739 1494 866 1551 acerque
880 1473 951 1534 belli
965 1472 1081 1534 iuuenis
1092 1472 1214 1532 nomine

217 1570 386 1644 Thessalus,
406 1571 527 1631 natione
548 1571 752 1648 Thesprotius,
773 1591 842 1631 curn
864 1590 971 1648 magna
991 1569 1102 1629 ciuium
1124 1589 1214 1628 manu

217 1687 283 1726 eam
298 1668 449 1746 regionem
463 1669 551 1730 armis
571 1669 738 1746 occupauit,
755 1689 832 1746 quae
850 1689 931 1730 nunc
950 1670 989 1729 ab
1010 1668 1073 1729 eius
1092 1669 1215 1729 nomine

217 1765 372 1826 Thessalia
398 1769 570 1844 appellatur,
595 1777 665 1826 ante
693 1766 919 1843 Myrmidonum
943 1765 1074 1826 uocitata
1101 1765 1212 1826 ciuitas.

174 1883 203 1933 15
217 1882 278 1938 quo
299 1862 422 1924 nomine
442 1863 540 1924 mirari
564 1863 705 1925 conuenit
727 1884 788 1938 eos,
811 1863 862 1940 qui
884 1863 976 1924 Iliaca
999 1875 1243 1939 componentem

217 1970 352 2036 tempora
371 1961 409 2021 de
428 1981 464 2022 ea
482 1960 602 2038 regione
622 1973 655 2021 ut
669 1961 824 2022 Thessalia
845 1971 1087 2022 commemorant.
1132 1963 1214 2037 quod

217 2077 286 2118 cum
297 2057 347 2118 alii
355 2059 472 2134 faciant,
483 2059 584 2137 tragici
594 2060 832 2137 frequentissime
841 2058 962 2133 faciunt,
973 2058 1082 2137 quibus
1091 2059 1214 2120 minime

216 2154 248 2215 id
269 2158 498 2218 concedendum
520 2167 564 2217 est
576 2177 585 2231 3
612 2156 685 2216 nihil
709 2156 788 2216 enim
813 2176 849 2217 ex
873 2175 1000 2232 persona
1022 2166 1137 2232 poetae,
1161 2159 1214 2216 sed

217 2252 318 2312 omnia
342 2253 398 2313 sub
426 2274 537 2327 eorum,
563 2253 615 2331 qui
639 2253 690 2314 illo
714 2265 848 2332 tempore
872 2254 1016 2326 uixerunt,
1042 2253 1212 2315 tdixerunt.

173 2374 204 2408 πο
216 2352 300 2427 quod
319 2351 343 2412 si
362 2351 428 2428 quis
442 2372 461 2412 a
474 2354 619 2412 Thessalo
634 2351 774 2412 Herculis
788 2351 850 2412 filio
870 2371 921 2412 eos
940 2353 1103 2428 appellatos
1122 2353 1215 2411 Thes-

217 2451 295 2508 salos
310 2448 397 2522 dicet,
413 2450 567 2510 reddenda
581 2448 634 2509 erit
649 2449 676 2509 ei
690 2448 773 2523 ratio,
789 2468 842 2508 cur
860 2468 1024 2525 numquam
1043 2459 1113 2508 ante
1133 2449 1214 2508 hunc

217 2544 423 2621 insequentem
448 2548 626 2607 Thessalum
654 2567 690 2606 ea
713 2566 785 2622 gens
810 2545 842 2605 id
866 2544 995 2606 nominis
1020 2545 1212 2621 usurpauerit.

216 2643 307 2719 paulo
320 2653 390 2702 ante
403 2645 514 2716 Aletes,
530 2654 628 2704 sextus
642 2643 681 2703 ab
697 2644 838 2716 Hercule,
856 2641 999 2719 Hippotis
1013 2641 1099 2715 filius,
1112 2641 1215 2702 Corin·
1229 2664 1242 2710 3

216 2739 311 2810 thum,
327 2757 404 2814 quae
424 2750 513 2799 antea
530 2741 624 2800 fuerat
640 2741 767 2816 Ephyre,
784 2741 910 2799 claustra
924 2737 1125 2816 Peloponnesi
1146 2758 1215 2798 con·

173 2857 201 2905 ²5
216 2834 370 2908 tinentem,
394 2835 425 2895 in
451 2838 567 2896 Isthmo
592 2836 736 2897 condidit.
779 2856 878 2914 neque
902 2846 947 2896 est
970 2836 1052 2913 quod
1075 2835 1215 2895 miremur

216 2933 255 2992 ab
277 2934 414 2994 Homero
435 2933 582 2994 nominari
597 2933 776 2996 Corinthum
786 2956 794 3008 3
815 2953 885 2993 nam
906 2954 943 2994 ex
963 2953 1090 3010 persona
1107 2943 1214 3009 poetae

216 3040 246 3090 et
267 3031 345 3089 hanc
364 3030 469 3090 urbem
488 3042 518 3091 et
538 3033 684 3108 quasdam
700 3035 809 3091 Ionum
831 3031 964 3092 colonias
985 3030 1021 3090 iis
1042 3028 1213 3089 nominibus

215 3130 353 3205 appellat,
374 3127 482 3205 quibus
503 3129 688 3190 uocabantur
707 3139 804 3190 aetate
824 3128 896 3202 eius,
919 3130 1014 3188 multo
1034 3138 1102 3203 post
1124 3126 1213 3186 Ilium

216 3236 337 3303 captum
358 3225 505 3286 conditae.
1165 3285 1167 3292 ,

169 3345 203 3393 30
257 3323 456 3385 Athenienses
485 3323 517 3383 in
545 3324 670 3385 Euboea
698 3323 843 3386 Chalcida
869 3331 898 3383 et
923 3321 1068 3383 Eretriam
1098 3322 1242 3399 colonis4

248 3480 308 3541 3in
320 3478 364 3530 del.
375 3477 501 3528 Ruhnken
576 3477 686 3526 insulam
698 3476 820 3524 Iuntina:
838 3475 958 3524 insulaP
1052 3476 1216 3536 4GadeisP

219 3559 249 3593 ιο
266 3546 342 3594 sedes
354 3544 380 3592 P
486 3545 517 3592 16
533 3543 600 3604 quod
613 3559 669 3591 cum
682 3543 723 3590 alii
735 3542 832 3590 faciunt
843 3550 896 3590 tum
908 3542 998 3604 tragici
1009 3542 1213 3604 frequentissime

216 3610 337 3674 Pluygers
415 3626 446 3672 19
462 3610 552 3658 uixere
568 3608 656 3658 Heins.
725 3608 856 3657 disserunt
869 3607 946 3656 Oula·
1027 3622 1058 3669 ²3
1075 3607 1212 3656 sextusP:

216 3675 321 3736 quintus
329 3677 429 3738 Lipsius
490 3690 522 3738 30
534 3674 656 3724 Chalcida
666 3673 800 3738 (Chalcide
809 3673 931 3723 nonnulla
939 3675 1059 3738 exempla)
1068 3672 1213 3722 Erethriaru

216 3741 247 3803 P,
262 3748 287 3790 et
299 3741 357 3791 add.
373 3742 485 3791 Gelenius

712 3849 726 3896 a
1056 3821 1088 3880 1*
