3050 4350
687 355 817 414 LIBER
839 355 871 414 ll

319 523 456 599 Longum
477 532 522 582 est
543 540 666 594 narrare,
689 519 762 598 quid
783 532 813 580 et
836 519 974 598 quotiens
995 540 1084 582 ausus
1105 521 1150 594 sit,
1166 531 1279 598 quanto
1292 531 1332 591 42

278 639 367 696 opere
389 635 496 680 conata
514 619 577 680 eius
596 619 648 697 qui
670 619 825 680 obtinebat
847 619 950 680 Asiam
972 619 1157 696 magistratus
1176 618 1280 695 populi

280 717 410 778 Romani
430 729 511 778 metu
530 737 585 777 suo
606 715 788 777 destituerit:
812 715 886 776 illud
905 718 1044 776 referatur
1064 717 1279 777 documentum

278 815 353 876 tanti
367 835 437 875 mox
451 815 567 875 euasuri
581 814 644 874 uiri.
688 834 765 891 quae
779 834 839 874 nox
853 833 919 874 earn
934 813 1015 874 diem
1034 825 1135 874 secuta
1152 825 1204 886 est,
1221 833 1281 891 qua
1295 839 1307 872 2

251 912 399 990 5publica
427 912 581 972 ciuitatum
605 910 734 988 pecunia
760 912 931 988 redemptus
959 922 1011 983 est,
1041 911 1082 970 ita
1109 923 1218 983 tamen,
1247 922 1281 970 ut

279 1021 397 1088 cogeret
424 1021 494 1070 ante
522 1009 643 1070 obsides
670 1029 689 1068 a
712 1008 812 1086 piratis
840 1008 1010 1069 ciuitatibus
1032 1008 1103 1081 dari,
1130 1020 1281 1069 contracta

279 1111 373 1168 classe
387 1118 417 1168 et
438 1107 570 1184 priuatus
589 1118 619 1166 et
638 1105 827 1166 tumultuaria
845 1105 981 1166 inuectus
996 1105 1026 1165 in
1041 1126 1110 1166 eum
1125 1108 1233 1178 locum,
1250 1105 1280 1165 in

280 1226 341 1283 quo
369 1204 425 1281 ipsi
448 1205 614 1281 praedones
639 1213 730 1276 erant,
754 1213 868 1280 partem
895 1202 996 1264 classis
1020 1201 1141 1278 fugauit,
1167 1214 1280 1279 partem

281 1303 389 1376 mersit,
415 1301 529 1379 aliquot
549 1301 635 1362 nauis
657 1303 827 1378 multosque
849 1300 980 1361 mortalis
1003 1299 1100 1376 cepit3
1127 1302 1308 1378 laetusque3

236 1429 267 1464 ιο
281 1413 444 1462 nocturnae
472 1397 667 1476 expeditionis
696 1398 846 1475 triumpho
880 1399 920 1458 ad
954 1418 1024 1458 suos
1058 1418 1192 1472 reuersus
1227 1409 1280 1470 est,

281 1497 489 1574 mandatisque
511 1497 665 1557 custodiae
684 1517 760 1574 quos
779 1507 905 1572 ceperat,
921 1495 952 1555 in
972 1494 1142 1572 Bithyniam
1156 1495 1282 1572 perrexit

281 1596 320 1655 ad
333 1596 543 1672 proconsulem
559 1597 687 1654 Iuncum
703 1593 796 1674 (idem
811 1593 891 1654 enim
906 1593 1009 1653 Asiam
1028 1613 1155 1670 eamque
1169 1593 1283 1654 obtine·

281 1691 345 1770 bat)
366 1702 479 1769 petens,
500 1702 533 1750 ut
551 1703 654 1751 auctor
672 1693 754 1751 fieret
773 1690 911 1751 sumendi
929 1692 968 1750 de
990 1689 1116 1767 captiuis
1138 1690 1282 1767 supplici:

282 1789 365 1866 quod
379 1808 448 1848 cum
462 1787 512 1848 ille
526 1808 558 1848 se
572 1790 718 1849 facturum
733 1798 868 1866 negasset
882 1787 1134 1865 uenditurumque
1148 1787 1282 1865 captiuos

236 1913 267 1963 15
283 1886 403 1946 dixisset
432 1884 555 1965 (quippe
583 1886 762 1962 sequebatur
789 1884 902 1945 inuidia
929 1883 1087 1962 inertiam),
1116 1884 1283 1945 incredibili

283 1983 431 2044 celeritate
454 1993 589 2043 reuectus
611 1984 650 2042 ad
673 2001 762 2055 mare,
778 1981 950 2059 priusquam
973 1983 1013 2042 de
1035 2002 1070 2041 ea
1092 2002 1123 2042 re
1145 1982 1198 2042 ulli
1218 2001 1283 2058 pro

283 2080 413 2142 consulis
436 2081 628 2140 redderentur
647 2079 798 2157 epistulae,
815 2079 920 2152 omnis,
937 2100 1012 2158 quos
1034 2091 1160 2156 ceperat,
1176 2079 1283 2140 suffixit

283 2199 371 2240 crucr.

326 2277 412 2336 Idem
440 2294 510 2334 mox
537 2275 576 2334 ad
604 2274 802 2335 sacerdotium
830 2273 995 2334 ineundum
1024 2272 1148 2353 (quippe
1175 2275 1283 2334 absens
1296 2298 1336 2356 43
1425 2336 1428 2342 .

238 2406 269 2440 20
283 2372 417 2450 pontifex
431 2374 525 2431 factus
545 2382 606 2430 erat
625 2371 655 2430 in
676 2373 783 2433 Cottae
802 2371 964 2432 consularis
987 2374 1096 2444 locum,
1111 2392 1173 2430 nem
1188 2392 1283 2449 paene
1339 2425 1341 2432 .

283 2490 357 2548 puer
370 2490 389 2530 a
404 2468 501 2529 Mario
517 2468 674 2546 Cinnaque
688 2471 797 2529 flamen
812 2469 897 2529 dialis
912 2481 1026 2530 creatus
1041 2469 1164 2530 uictoria
1175 2471 1282 2542 Sullae,

285 2567 337 2646 qui
346 2567 448 2628 omnia
458 2566 497 2626 ab
512 2566 547 2626 iis
561 2578 627 2626 acta
638 2569 747 2627 fecerat
760 2566 855 2640 inrita,
868 2567 1014 2627 amisisset
1028 2567 1060 2627 id
1071 2567 1282 2646 sacerdotium)

318 2738 330 2772 1
349 2724 392 2786 qui
412 2760 419 2774 .
440 2761 446 2773 .
466 2760 472 2772 .
493 2738 571 2772 ausus
588 2723 621 2770 sit
637 2729 709 2772 tanto
732 2739 810 2786 opere
829 2731 991 2774 conata...
1010 2723 1150 2772 destituere
1170 2723 1285 2771 Willrelm
1342 2725 1344 2730 '

284 2805 301 2852 3
317 2798 386 2839 metu
407 2789 531 2839 Gelenius:
557 2795 627 2836 motu
647 2787 702 2835 ΑΡ
830 2790 970 2837 destituere
990 2786 1048 2848 AF,
1069 2805 1127 2838 corr.
1146 2789 1286 2837 Rhenanus

284 2873 300 2918 4
317 2862 409 2917 sequta
427 2853 454 2901 A
532 2869 608 2915 quam
619 2854 644 2900 A
777 2868 792 2915 5
810 2855 948 2904 ciuitatium
959 2854 985 2902 P
1059 2854 1178 2903 estBA:
1198 2870 1248 2903 om.
1261 2853 1288 2901 P

286 2937 300 2982 7
318 2928 345 2969 et
365 2921 480 2982 priuatus
499 2927 525 2968 et
543 2926 624 2968 contr.
642 2919 674 2968 cl.
692 2921 854 2968 tumultuaria
878 2919 991 2968 Scn'ner:
1014 2926 1041 2967 et
1061 2921 1175 2981 priuatus
1195 2926 1222 2968 et
1240 2919 1283 2967 del.

284 2987 315 3036 F.
328 2986 414 3035 Ram:
433 2985 551 3046 priuatim
562 2993 588 3034 et
597 2985 759 3034 tumultuarie
773 2985 876 3034 Cludias
887 2986 955 3048 quod
961 2986 1005 3033 uie
1015 2987 1175 3033 neeessan'um
1240 2985 1294 3032 nbiv

285 3051 540 3116 del.‚deinsuprascr.
559 3051 654 3112 inquo
671 3050 696 3096 A
804 3051 957 3112 9mortales
974 3049 1029 3097 ΑΡ
1127 3045 1285 3099 rr‘custodia

1124 3129 1172 3156 cum

285 3164 402 3228 equosA
459 3164 603 3228 Bythin.A
705 3180 734 3212 12
756 3166 856 3214 lunium
869 3182 926 3214 cum
935 3164 994 3228 ΑΡ,
1005 3165 1029 3215 h.
1041 3182 1060 3216 e.
1075 3166 1175 3214 lunium
1227 3164 1286 3213 Vide

284 3231 414 3295 Nrpperder'
427 3232 514 3294 Opusc.
525 3239 569 3294 pp.
582 3233 631 3292 326
645 3236 668 3279 et
682 3233 731 3292 448
796 3232 864 3280 idem
881 3233 948 3280 enim
964 3231 1053 3280 Asiam
1068 3248 1125 3280 eam
1138 3247 1215 3293 quarn
1232 3233 1284 3281 obt.

284 3297 350 3348 AP:
377 3298 409 3345 id.
426 3299 467 3346 e'n.
479 3296 568 3344 Asiam
586 3297 716 3345 obtinebat
732 3295 875 3358 Nipperdei:
903 3297 989 3360 sen'psi
1003 3313 1059 3345 cum
1077 3297 1161 3360 Lr'psr'o
1178 3313 1285 3358 eamque

285 3364 309 3413 h.
317 3381 335 3412 e.
352 3363 515 3424 Bithynram:
536 3368 662 3423 tamquam
679 3363 730 3411 obt.
745 3362 775 3413 G.
788 3363 823 3412 A.
840 3363 908 3411 Koch
1051 3379 1080 3424 13
1097 3361 1217 3424 supplicii
1233 3362 1288 3410 ΑΡ

288 3445 317 3489 14
334 3429 443 3490 negauit
459 3435 580 3488 negasset
591 3427 616 3474 A
631 3427 686 3493 (sic)
755 3443 784 3488 15
802 3429 923 3476 inuidiam
935 3426 1026 3476 inertia
1038 3427 1125 3476 Haase
1131 3429 1288 3490 probabiliter

289 3528 316 3572 17
335 3514 505 3561 redderentur
516 3511 551 3560 B:
573 3512 726 3560 redderetur
736 3509 791 3559 ΑΡ
862 3503 974 3574 ε-ρΙΞΑι
994 3511 1105 3572 epistula
1116 3511 1157 3560 B:
1175 3511 1285 3573 epistola

285 3578 325 3626 P:
354 3579 462 3639 ‘opinor
485 3578 624 3637 legendum
647 3576 786 3639 epistulae’
809 3578 892 3625 Burer
971 3593 1061 3626 omnes
1084 3576 1139 3624 ΑΡ
1252 3592 1285 3624 ao

286 3659 342 3692 cum
354 3643 450 3692 addidit
459 3642 561 3706 Lipsius
650 3658 682 3690 aa
699 3644 783 3691 omnia
801 3643 833 3692 ab
852 3643 884 3692 iis
904 3643 1094 3708 hemaeepat
1114 3649 1172 3691 acta
1188 3642 1286 3692 fecerat

286 3710 354 3757 irn‘ta
370 3708 395 3754 A
411 3708 482 3770 (siclt
513 3724 578 3755 num
595 3709 680 3757 omnia
696 3725 762 3770 quae
773 3710 805 3757 ab
817 3709 849 3756 iis
860 3715 917 3758 acta
928 3715 1063 3771 acceperat
1075 3708 1092 3758 f.
1105 3709 1192 3759 irrital
1257 3708 1284 3756 id

288 3775 414 3824 Gelemas:
431 3775 463 3822 ad
476 3772 531 3820 ΑΡ

791 3871 821 3921 or
