2810 4350
538 365 863 427 PROLEGOMENA

193 532 233 590 ad
254 551 286 590 se
307 530 430 591 missum
453 551 471 590 a
492 531 655 591 monachis.
702 531 871 592 Murbachii
894 543 973 592 certe
999 553 1061 593 non
1085 553 1203 610 semper

195 638 291 697 codex
311 637 518 697 detinebatur:
541 639 706 697 Rhenanus
728 637 809 698 enim
828 639 1061 699 eumBasileam
1083 639 1200 700 mitten-

195 745 269 802 dum
284 754 437 803 curauerat
452 763 488 803 eo
510 764 589 803 anno
609 764 670 820 quo
687 743 852 821 principem
871 745 1033 805 editionem
1051 746 1199 823 imprime-

194 850 253 908 bat.
298 849 447 909 Nimirum
477 851 649 926 apographo
681 870 742 909 non
778 862 936 911 contentus
971 855 1053 928 quod
1084 853 1198 913 amicus

185 965 383 1032 properanter
407 968 498 1034 atque
525 958 676 1034 infeliciter
701 959 900 1034 descripserat,
929 959 1036 1019 iterum
1061 960 1196 1021 codicem

126 1043 130 1060 ⁸
192 1072 243 1120 aut
269 1061 332 1138 ipse
360 1062 485 1122 contulit
514 1073 565 1122 aut
593 1061 643 1121 alii
669 1063 752 1123 dedit
781 1066 995 1124 conferendum
1005 1065 1024 1138 ¹,
1044 1087 1143 1142 neque
1165 1067 1197 1127 id

193 1170 299 1241 solum,
316 1169 369 1228 sed
384 1188 436 1228 eos
451 1188 571 1244 quoque
590 1167 982 1247 quisarmulisaastigandis
988 1180 1153 1248 praeerant
1164 1175 1196 1232 in

191 1274 302 1348 ffa’na
330 1276 514 1333 Frobenr‘ana
541 1285 622 1351 saepe
644 1277 758 1334 monuit
782 1283 818 1334 ut
839 1275 921 1334 uetus
944 1281 1093 1354 exemplar
1114 1279 1154 1358 (h.
1169 1299 1193 1338 e.

191 1379 290 1456 ipsum
312 1380 447 1440 codicem
471 1379 714 1460 Murbacensem)
733 1401 789 1440 nen
811 1383 907 1440 rnc'nus
926 1403 1014 1458 quarn
1035 1387 1194 1460 exemplum

193 1484 233 1564 (h.
250 1505 275 1545 e.
291 1488 484 1562 apographon
506 1487 589 1562 quod
607 1506 625 1545 a
644 1487 793 1546 Rhenano
813 1487 1002 1567 acceperant)
1017 1491 1193 1566 inspicerent.

193 1593 286 1666 Quod
300 1591 321 1650 ii
335 1612 403 1650 cum
424 1612 485 1651 non
499 1594 629 1651 facerent
651 1593 742 1668 magis
762 1601 894 1652 curantes
908 1602 943 1652 ut
958 1615 1046 1670 quam
1059 1597 1193 1671 primum

190 1699 287 1756 labore
310 1698 535 1774 defungerentur
555 1718 643 1773 quam
672 1706 707 1756 ut
728 1699 802 1756 liber
826 1701 892 1757 bene
915 1701 1037 1775 haberet,
1066 1703 1194 1762 Burerus

191 1802 322 1879 quidam,
348 1802 537 1863 amanuensis
563 1802 605 1862 sic
630 1801 710 1862 enim
736 1803 862 1863 dicitur²
886 1806 1033 1878 Rhenani,
1061 1811 1192 1867 uolumen

191 1911 265 1986 ppis
285 1930 417 1968 excusum
438 1913 529 1969 denua
549 1930 612 1968 cum
631 1917 741 1968 uetusta
762 1909 802 1989 (h.
817 1931 840 1970 e.
864 1913 1056 1972 Murbacensi
1075 1913 1193 1993 codice)

189 2019 311 2076 contulit
321 2020 395 2094 plus
407 2038 495 2094 quarn
516 2019 673 2093 dc'lrgentcr,
696 2019 777 2076 cuius
796 2021 880 2077 labar
898 2027 942 2077 est
963 2023 1192 2080 emendationum

190 2127 283 2184 ternio
296 2127 377 2201 aperi
387 2126 518 2184 adtectus.

231 2235 303 2291 Post
324 2235 469 2291 Burerum
489 2233 570 2290 nulla
588 2231 700 2291 codicis
723 2233 930 2293 Murbacensis
950 2233 1055 2293 notitia
1075 2235 1115 2293 ad
1135 2255 1191 2294 nos

189 2335 333 2412 peruenit,
349 2336 526 2412 uideturque
540 2338 648 2396 eodem
663 2339 724 2396 fato
738 2357 809 2397 usus
824 2358 885 2414 quo
899 2338 949 2397 alii
963 2338 1083 2399 codices
1094 2351 1192 2399 uetus-

189 2441 295 2501 tissimi
306 2443 359 2501 sed
371 2444 449 2500 lectu
464 2441 598 2501 difficiles
612 2441 731 2518 penitus
745 2463 782 2502 ex
796 2444 889 2503 oculis
904 2444 1061 2504 hominum
1076 2446 1191 2522 abrepti

189 2559 265 2608 sunt.
311 2551 456 2624 Exemplo
479 2548 515 2608 sit
539 2551 721 2625 archetypon
743 2549 825 2622 illud,
851 2571 870 2608 a
894 2550 1006 2626 Poggio
1030 2563 1188 2627 repertum,

188 2656 407 2714 Astranarnt'can
418 2655 532 2728 Manili,
543 2657 697 2716 Siluarum
707 2655 780 2716 Stati
790 2677 799 2730 3
816 2657 899 2732 quod
910 2677 971 2716 non
981 2657 1079 2717 minus
1089 2660 1191 2734 deper-

189 2761 285 2822 ditum
304 2762 441 2820 dolemus
463 2781 553 2836 quarn
572 2763 653 2820 hunc
670 2763 709 2821 de
728 2782 789 2838 quo
810 2761 933 2838 agimus
958 2764 1189 2824 Murbacensem

188 2867 284 2926 Vellei
306 2866 450 2939 codicem,
473 2866 611 2926 mutilum
632 2888 701 2927 eum
721 2868 843 2944 quidem
865 2889 900 2928 ac
921 2869 1062 2946 temporis
1083 2870 1190 2930 iniuria

187 2973 316 3050 pessime
327 2973 471 3046 habiturn,
484 2973 639 3049 antiquum
654 2985 763 3047 tamen,
779 2986 808 3034 et
828 2975 853 3034 si
867 2978 959 3035 modo
974 2975 1080 3036 iterum
1095 2977 1189 3053 possit

188 3079 310 3152 renasci,
337 3082 462 3138 multum
487 3096 523 3138 ex
547 3078 706 3140 eruditiore
729 3091 830 3140 nostro
853 3083 973 3141 saeculo
996 3094 1187 3158 accepturum

189 3186 263 3246 lucis
277 3207 382 3247 nouae.

220 3339 228 3366 ¹
247 3341 361 3402 Epistula
383 3342 505 3390 Rhenani
528 3342 560 3389 ad
584 3341 741 3402 Spalatinunr
762 3342 831 3390 edita
849 3359 864 3390 a
885 3342 1010 3391 Fechtero
1031 3343 1078 3390 Die
1096 3343 1188 3390 Amer-

187 3418 436 3480 lrachischeAbschnst
446 3420 486 3468 des
496 3418 599 3467 Velleius
609 3419 759 3480 Patenulus,
769 3420 851 3484 Basel,
864 3423 935 3482 1844,
944 3438 968 3483 p.
980 3437 1011 3483 42
1018 3422 1104 3469 Emisi
1112 3431 1192 3486 nuper

189 3497 314 3546 Vellaeum
326 3503 448 3560 utcunque
462 3500 616 3562 castigatum.
633 3499 666 3546 In
679 3517 728 3561 quo
740 3501 941 3562 multumsalsus
951 3517 1017 3564 sum,
1030 3501 1098 3562 quod
1107 3518 1187 3551 exem-

181 3578 243 3639 plar
249 3575 392 3637 fidelissime
411 3577 555 3639 descriptum
578 3578 719 3641 arbitrabar,
735 3595 792 3626 cum
803 3585 929 3642 postrema
947 3581 991 3628 sed
1007 3581 1115 3629 namium
1133 3598 1186 3630 sera

184 3655 276 3702 collatio
287 3653 540 3702 libran'ioscitante'am
552 3661 648 3717 arguat.

217 3733 227 3762 ²
245 3733 274 3781 In
287 3732 376 3780 eadem
389 3732 504 3794 Epistula
516 3735 548 3782 ad
561 3735 728 3794 Spalatinum.

676 3841 694 3872 X
