3050 4350
671 341 801 399 LIBER
823 341 856 400 II

265 516 326 566 erat
350 504 380 564 in
405 503 572 577 Germania,
598 515 754 581 praeesset,
780 503 918 582 concepit
945 525 1010 564 esse
1037 503 1182 576 homines
1212 502 1264 580 qui

264 603 337 663 nihil
351 615 467 682 praeter
479 623 587 663 uocem
602 603 794 680 membraque
813 605 957 663 haberent
970 603 1135 676 hominum,
1152 602 1262 680 quique

263 701 368 778 gladiis
388 700 503 761 domari
524 721 586 761 non
608 711 752 778 poterant,
769 720 857 777 posse
874 699 936 760 iure
950 700 1079 761 mulceri.
1123 721 1184 778 quo
1198 718 1292 777 proe

264 799 362 877 posito
377 799 507 860 mediam
526 799 673 876 ingressus
695 798 885 859 Germaniam
902 800 984 859 uelut
998 798 1074 859 inter
1088 798 1167 859 uiros
1181 798 1262 877 pacis

235 897 419 974 5gaudentis
441 897 600 957 dulcedine
621 895 872 956 iurisdictionibus
899 899 1076 975 agendoque
1096 918 1151 975 pro
1175 897 1264 957 tribu-

263 995 324 1054 nali
338 995 442 1055 ordine
456 995 590 1054 trahebat
604 994 723 1054 aestiua.

305 1096 346 1152 At
359 1090 409 1166 illi,
428 1094 511 1169 quod
532 1091 589 1151 nisi
610 1102 745 1169 expertus
767 1091 815 1150 vix
836 1093 944 1165 credat,
965 1091 996 1150 in
1015 1113 1132 1152 summa
1148 1092 1261 1152 feritate
1277 1092 1324 1150 118

263 1189 457 1249 uersutissimi
484 1201 647 1266 natumque
672 1188 829 1249 mendacio
851 1209 953 1266 genuS,
979 1187 1151 1249 simulantes
1179 1191 1262 1250 fictas

264 1287 359 1348 litium
381 1288 469 1348 series
491 1300 521 1349 et
545 1309 625 1348 nunc
647 1300 844 1366 prouocantes
866 1291 939 1348 alter
960 1291 1085 1349 alterum
1107 1288 1138 1347 in
1160 1289 1260 1366 iurgia,

219 1410 251 1446 ιο
265 1405 344 1445 nunc
371 1398 492 1463 agentes
520 1386 634 1463 gratias,
663 1388 747 1463 quod
781 1406 816 1446 ea
851 1388 989 1445 Romana
1022 1385 1133 1446 iustitia
1166 1386 1262 1446 finiret

263 1484 421 1562 feritasque
443 1505 496 1545 sua
517 1484 649 1545 nouitate
670 1482 837 1561 incognitae
859 1484 1032 1562 disciplinae
1046 1483 1212 1544 mitesceret
1233 1496 1262 1544 et

264 1583 350 1644 solita
368 1583 457 1643 armis
478 1583 606 1643 discerni
626 1583 688 1643 iure
709 1583 942 1655 terminarentur,
958 1583 990 1642 in
1004 1604 1151 1643 summam
1167 1603 1263 1644 socor-

264 1681 344 1741 diam
372 1683 535 1759 perdnxere
563 1680 750 1756 Quintilium,
780 1700 875 1756 usque
902 1700 947 1754 eo,
977 1691 1009 1740 ut
1037 1701 1069 1740 se
1097 1692 1262 1757 praetorem

263 1779 410 1839 urbanum
438 1778 469 1838 in
496 1781 561 1839 foro
589 1777 634 1838 ius
662 1777 768 1851 dicere,
798 1798 859 1838 non
888 1778 918 1839 in
946 1778 1052 1839 mediis
1086 1779 1263 1840 Germaniae

219 1890 249 1940 15
264 1875 373 1935 finibus
401 1876 541 1936 exercitui
565 1896 700 1954 praeesse
728 1878 867 1936 erederet.
920 1888 983 1936 tum
1012 1877 1127 1937 iuuenis
1154 1898 1289 1955 generea

263 1975 380 2048 nobilis,
396 1995 486 2035 manu
507 1975 598 2049 fortis,
621 1995 710 2036 sensu
731 1978 817 2048 celer,
832 1978 908 2035 ultra
929 1975 1086 2035 barbarum
1107 1988 1262 2053 promptus

263 2073 391 2150 ingeni0‚
417 2074 539 2134 nomine
563 2073 723 2147 Arminius,
747 2073 881 2151 Sigimeri
908 2073 1048 2151 principis
1075 2074 1171 2151 gentis
1199 2073 1262 2134 eius

263 2172 349 2245 filius,
371 2174 507 2233 ardorem
528 2171 619 2232 animi
640 2175 725 2232 uultu
747 2171 900 2249 oculisque
921 2174 1095 2249 praeferens,
1119 2173 1262 2234 adsiduus

263 2269 385 2329 militiae
399 2281 516 2330 nostrae
530 2269 634 2348 prioris
648 2291 758 2343 comes,
775 2269 836 2329 iure
851 2270 940 2330 etiam
959 2268 1086 2329 ciuitatis
1106 2272 1262 2330 Romanae

219 2385 250 2420 20
263 2369 355 2428 decus
376 2368 519 2444 equestris
540 2388 727 2445 consequens
744 2370 860 2445 gradus,
876 2367 1000 2445 segnitia
1021 2367 1105 2427 ducis
1126 2367 1157 2427 in
1179 2387 1261 2428 occa·

298 2539 309 2570 1
329 2531 444 2585 preesset
458 2523 483 2570 A
584 2540 600 2585 3
617 2525 730 2572 mulcere
746 2524 772 2571 A
878 2541 893 2586 4
910 2539 987 2585 paces
1008 2526 1034 2580 (e
1052 2540 1082 2571 ex
1094 2525 1113 2586 i)
1134 2525 1187 2586 del,
1207 2526 1262 2574 dein

263 2588 370 2651 pacisA
445 2590 619 2650 5gaudentes
638 2589 693 2637 ΑΡ
762 2590 886 2637 fiordlne
901 2596 1038 2652 suspectum
1059 2588 1142 2652 Lipsrb
1159 2591 1263 2640 Heriesro

263 2654 424 2702 Ruhnkem'o:
444 2655 525 2702 otiose
534 2655 682 2704 Cornelissen
694 2672 700 2702 :
709 2655 771 2717 sort.
782 2656 915 2703 socordius
927 2656 1051 2714 (socordia
1063 2656 1114 2702 iam
1124 2655 1244 2719 Laurent)
1256 2673 1262 2704 ε

231 2779 233 2783 ⁴
263 2721 353 2768 ordine
372 2719 493 2767 Christian
510 2720 613 2769 Cmsr'us
630 2720 752 2771 Probabit.
769 2720 826 2769 Cn'l.
838 2728 865 2782 p.
887 2736 933 2768 120
951 2723 1039 2781 (1753)
1057 2722 1148 2768 rettulit
1159 2722 1195 2770 ad
1208 2739 1264 2770 con·

263 2791 353 2833 uentus
370 2793 418 2848 per
436 2786 544 2834 ciuitates
565 2786 688 2848 obeundas
797 2801 812 2846 7
830 2787 916 2834 credat
939 2785 1052 2847 Lipsius:
1074 2787 1194 2835 credebat
1211 2786 1266 2833 ΑΡ

263 2851 425 2898 8mendatio
445 2851 470 2897 Α
576 2868 592 2913 9
610 2858 781 2912 prouocantes
799 2852 826 2899 in
845 2857 911 2898 textu
933 2851 977 2898 sed
992 2853 1017 2899 in
1039 2867 1118 2914 marg.
1140 2867 1262 2913 procaces

261 2915 307 2964 A:
324 2932 447 2978 procaces
467 2915 506 2965 P:
530 2925 665 2978 procataes
683 2917 725 2966 B:
749 2923 918 2978 prouocantes
930 2916 1071 2964 Rhenanus
1137 2919 1162 2964 in
1180 2918 1263 2979 iurgia

716 2995 744 3022 l'ssl
807 3005 809 3010 ·

262 3030 385 3095 Madurg:
403 3032 495 3080 iniuria
511 3032 566 3080 ΑΡ
663 3048 691 3081 11
710 3039 865 3080 mutesceret
884 3031 926 3082 A:
953 3039 1108 3080 mutesceret
1126 3032 1164 3082 B:
1189 3033 1262 3081 mite-

262 3104 347 3145 sceret
364 3096 391 3144 P
457 3113 486 3158 14
504 3098 594 3146 mediis
606 3099 738 3160 disperare
750 3098 854 3158 anduno,
868 3097 893 3144 A
975 3112 1004 3158 15
1022 3098 1161 3159 preesseA
1231 3100 1263 3146 16

263 3178 326 3210 num
338 3166 485 3224 promotus?
555 3179 585 3225 19
601 3166 635 3211 sic
644 3163 865 3226 MaduigAduers.
875 3163 899 3210 ii.
910 3178 957 3223 311
970 3180 976 3210 :
997 3164 1052 3212 iure
1064 3164 1139 3211 etiam
1152 3163 1262 3212 ciuitatis

263 3227 362 3276 Rornae
371 3229 426 3276 eius
435 3229 484 3282 (ius
493 3228 527 3291 P)
537 3230 663 3289 equestris
672 3244 834 3290 consequens
843 3229 936 3289 gradus
944 3227 998 3275 ΑΡ
1045 3229 1176 3277 Romanae
1182 3229 1266 3276 Bum

262 3309 295 3341 20
312 3295 391 3342 decus
410 3293 546 3342 Burmam
567 3301 590 3341 et
606 3294 714 3354 Maduig
806 3309 968 3354 consequens
988 3294 1038 3342 lae.
1055 3295 1159 3356 equestri
1168 3294 1266 3356 gradui

257 3360 396 3421 proximus,
406 3360 445 3406 uti
451 3362 620 3421 interpretatus
627 3366 662 3408 est
670 3359 792 3422 Maduig:
809 3366 962 3408 consecutus
970 3359 1090 3407 Herirsr'us
1098 3365 1121 3407 et
1127 3360 1161 3406 sic
1170 3359 1260 3416 Halm,

263 3429 394 3486 tamquam
407 3424 570 3487 deprauatum
582 3426 735 3488 exscriptum
747 3432 915 3486 consequtus:
934 3425 1076 3472 Mommsen
1085 3425 1198 3472 scn'bebat
1206 3425 1261 3472 iure

262 3490 338 3537 etiam
345 3505 365 3540 c.
379 3491 512 3538 Romanae
524 3491 578 3539 eius
588 3498 721 3552 equestres
731 3505 892 3551 consequens
901 3491 1003 3550 gradus.
1028 3489 1086 3537 Vide
1093 3489 1190 3538 Comm.
1203 3490 1261 3540 crit.

261 3554 300 3601 De
305 3555 354 3603 loeo
365 3556 515 3603 conclamato
523 3556 783 3619 de'sputaue'lHuebner
794 3556 886 3603 ‘ueber
894 3556 944 3603 den
953 3555 1052 3602 Namen
1062 3555 1109 3602 des
1117 3554 1261 3604 Arminius’

261 3620 287 3668 in
298 3620 408 3668 Hermae
418 3637 444 3670 x.
451 3629 479 3683 p.
491 3636 540 3682 395
552 3639 577 3672 n.
