3050 4350
664 324 793 383 LIBER
820 324 853 383 ΙΙ

258 512 364 566 emere,
389 490 487 553 uerbis
509 493 638 552 mulcere
666 490 788 568 cupiens
813 490 1026 568 clamitansque
1047 502 1076 550 et
1097 493 1257 551 ostendens

259 589 368 667 fugisse
376 589 551 663 Antonium,
562 590 730 667 quaerebat,
742 610 796 667 pro
811 609 871 666 quo
886 600 995 650 etcum
1009 609 1070 666 quo
1084 600 1255 666 pugnarent.

258 686 351 746 atilli
372 708 441 747 cum
462 686 514 748 diu
535 707 588 764 pro
609 687 732 747 absente
752 685 943 747 dimicassent
965 688 1050 760 duce,
1076 706 1161 762 aegre
1181 701 1285 750 sum-⁵

260 783 356 844 missis
375 782 463 844 armis
485 804 598 844 cessere
619 783 782 856 uictoriam,
798 782 944 860 citiusque
966 783 1058 843 uitam
1080 782 1259 859 ueniamque

231 883 370 956 5Caesar
389 880 532 959 promisit,
548 901 638 959 quam
657 880 713 941 illis
735 892 768 940 ut
789 900 855 940 earn
876 891 1065 958 precarentur
1086 899 1259 957 persuasum

259 989 304 1038 est
313 1001 322 1052 ;
342 977 456 1055 fuitque
470 977 501 1038 in
521 980 658 1039 confesso
678 977 784 1038 milites
804 978 909 1055 optimi
930 977 1121 1054 imperatoris,
1137 977 1260 1054 impera-

259 1088 353 1135 torem
368 1074 548 1153 fugacissimi
570 1074 669 1135 militis
688 1077 823 1135 functum
842 1077 907 1149 ut'cc,
923 1087 956 1134 ut
970 1074 1097 1148 dubites
1113 1095 1207 1134 suone
1221 1094 1259 1133 an
1273 1079 1288 1130 6

261 1176 436 1250 Cleopatrae
451 1173 571 1234 arbitrio
585 1172 740 1233 uictoriam
755 1185 968 1250 temperaturus
983 1171 1077 1246 fuerit,
1094 1172 1145 1249 qui
1159 1175 1259 1248 fugam

259 1273 298 1331 ad
322 1269 384 1330 eius
409 1269 560 1330 arbitrium
584 1269 720 1330 direxerit
741 1272 835 1346 fugae.
889 1269 970 1329 idem
998 1272 1111 1329 locatus
1133 1269 1163 1328 in
1185 1280 1261 1329 terra

215 1397 246 1430 10
260 1367 329 1428 fecit
344 1367 495 1441 exercitus,
512 1388 580 1428 cum
595 1388 628 1428 se
642 1367 786 1429 Canidius
805 1366 958 1445 praecipiti
976 1369 1045 1444 suga
1064 1366 1207 1444 rapuisset
1221 1368 1261 1426 ad

260 1465 433 1525 Antonium.

301 1562 383 1638 Quid
398 1561 447 1622 ille
460 1561 524 1623 dies
539 1573 680 1622 terrarum
695 1561 759 1622 orbi
778 1561 961 1639 praestiterit,
977 1582 1013 1622 ex
1032 1581 1092 1637 quo
1115 1561 1145 1620 in
1167 1581 1257 1639 quem
1271 1565 1314 1625 86

261 1671 369 1719 statum
392 1658 558 1736 peruenerit
580 1661 698 1718 fortuna
719 1658 846 1736 publica,
869 1658 935 1736 quis
956 1658 988 1718 in
1009 1660 1067 1719 hoc
1092 1670 1258 1718 transcursu

261 1769 321 1817 tam
352 1756 437 1817 artati
472 1756 568 1834 operis
603 1756 764 1834 exprimere
792 1759 922 1816 audeat?
956 1755 1079 1816 uictoria
1107 1777 1178 1817 uero
1205 1755 1287 1815 suita

217 1873 246 1921 15
262 1853 499 1926 clementissima,
523 1874 579 1913 nec
602 1853 759 1932 quisquam
787 1853 980 1930 interemptus
1009 1865 1061 1927 est,
1091 1852 1261 1930 paucissimi

261 1950 410 2024 summoti,
426 1950 478 2027 qui
491 1951 643 2028 deprecari
657 1949 779 2027 quidem
794 1971 848 2028 pro
862 1971 894 2010 se
916 1971 977 2011 non
997 1951 1181 2011 sustinerent
1226 1971 1262 2011 ex

261 2069 320 2125 qua
334 2047 454 2108 lenitate
468 2047 553 2107 ducis
568 2047 665 2124 colligi
679 2047 784 2124 potuit,
797 2068 886 2124 quem
897 2058 949 2107 aut
963 2047 1047 2108 initio
1062 2047 1261 2107 triumuiratus

262 2144 307 2204 sui
327 2156 378 2205 aut
399 2143 430 2204 in
452 2144 564 2222 campis
587 2143 750 2222 Philippiis,
766 2143 791 2203 si
810 2144 853 2204 sic
875 2143 1013 2218 licuisset,
1029 2144 1169 2205 uictoriae
1191 2165 1261 2204 suae

262 2244 391 2302 facturus
405 2240 492 2301 suerit
506 2244 628 2300 modum.
672 2253 702 2300 at
725 2241 843 2301 Sosium
866 2244 899 2300 L.
916 2241 1037 2300 Arrunti
1056 2234 1152 2318 prisca
1170 2240 1263 2318 graui-

217 2364 248 2397 20
262 2350 322 2399 tate
350 2338 533 2399 celeberrimi
560 2340 642 2411 fides
673 2358 743 2398 mox
775 2337 826 2398 diu
848 2358 917 2397 cum
949 2338 1105 2398 clementia
1134 2340 1270 2397 luctatus·

263 2456 316 2496 sua
337 2437 454 2508 Caesar,
477 2435 605 2495 seruauit
626 2435 815 2495 incolumem.
869 2457 931 2496 non
952 2446 1149 2513 praetereatur
1176 2434 1290 2507 Asini3

263 2531 405 2593 Pollionis
427 2534 538 2591 factum
562 2543 591 2592 et
612 2531 726 2592 dictum
748 2531 958 2592 memorabile:
987 2551 1118 2610 namque
1139 2553 1208 2592 cum
1230 2553 1261 2592 se

263 2641 330 2707 post
351 2628 559 2689 Brundisinam
588 2648 693 2705 pacem
722 2628 916 2689 continuisset
936 2629 966 2688 in
987 2628 1072 2688 Italia
1093 2648 1191 2706 neque
1211 2640 1263 2689 aut

263 2727 385 2789 uidisset
407 2746 552 2804 umquam
577 2725 706 2803 reginam
729 2738 780 2786 aut
802 2739 870 2804 post
891 2739 1064 2788 eneruatum
1083 2747 1184 2787 amore
1199 2726 1261 2787 eius
1344 2794 1348 2803 ¹

296 2882 369 2930 osuit
379 2881 423 2943 qui
431 2880 457 2928 in
467 2880 628 2929 consessioA
681 2880 871 2942 imperatoreA
951 2882 1034 2942 quiae
1044 2881 1100 2932 add.
1112 2882 1188 2931 Orela·
1234 2890 1263 2930 ut

264 2949 365 2996 dubites
381 2962 463 2994 suone
475 2946 570 2994 Burer:
599 2947 725 2994 uidebites
748 2963 781 2994 ne
804 2946 830 2993 A
843 2963 848 2993 :
866 2947 1049 2995 uidebitesuo
1061 2947 1101 2996 P:
1127 2949 1263 2996 dubitesne

265 3014 355 3063 Orelli:
373 3013 417 3060 uix
427 3012 527 3060 dubites
536 3027 584 3060 suo
593 3028 625 3060 an
642 3012 680 3060 Cl.
696 3011 806 3060 Bemdt:
825 3028 888 3059 num
906 3029 938 3060 ne
956 3013 1056 3060 dubites
1069 3027 1117 3060 suo
1128 3029 1161 3060 an
1174 3013 1262 3074 Cleop.

264 3079 367 3127 arbitrio
467 3077 571 3126 asueri:
586 3076 647 3124 Voss
720 3079 752 3125 ad
765 3077 820 3125 eius
832 3077 917 3137 sugam
929 3079 1059 3126 arbitrium
1072 3079 1166 3126 direxit
1178 3079 1263 3138 sugam

263 3144 288 3191 A
300 3162 305 3193 :
323 3145 354 3192 ad
367 3143 424 3191 eius
438 3143 568 3190 arbitrium
580 3143 675 3190 direxit
686 3143 770 3203 fugam
782 3142 813 3201 P,
827 3144 919 3190 correxi
927 3159 957 3190 ax
966 3144 992 3191 A
1004 3161 1009 3192 :
1027 3143 1152 3197 direxerit
1163 3143 1263 3191 Halm:

265 3210 358 3257 direxit
374 3208 429 3255 ΑΡ
500 3224 516 3269 9
533 3209 558 3254 in
571 3216 640 3256 terra
652 3215 772 3270 suprascr.
785 3209 884 3255 interea
895 3207 921 3254 A
992 3212 1022 3256 16
1039 3210 1159 3257 summoti
1170 3207 1261 3270 Baiter,

263 3275 291 3337 cs.
305 3275 344 3323 68.
361 3290 388 3324 1:
414 3280 441 3322 et
458 3274 483 3321 hi
495 3272 563 3321 AP:
581 3273 656 3321 eiecti
674 3273 771 3323 Halm:
791 3274 874 3321 exacti
892 3289 935 3336 ego
946 3275 1005 3321 olim
1122 3289 1150 3335 17
1169 3275 1196 3321 in
1208 3273 1260 3336 del,

264 3340 318 3388 dnn
329 3347 449 3402 suprascr.
463 3338 573 3386 initioA
642 3339 672 3385 18
683 3338 704 3386 si
718 3337 801 3386 sicP:
820 3338 890 3386 sicA
902 3355 908 3386 ι
925 3341 947 3386 si
956 3338 1039 3386 Burer
1116 3355 1146 3401 19
1161 3340 1263 3386 modum

264 3405 321 3455 add.
338 3406 480 3453 Rhenanus
608 3410 635 3451 at
653 3403 756 3452 Sosium
776 3405 804 3454 L.
817 3403 933 3452 Arruntii
949 3404 1094 3452 Puteanus:
1116 3406 1148 3453 ad
1173 3405 1264 3452 solium

267 3471 363 3534 (solium
376 3470 410 3530 P)
423 3471 524 3517 alarunt
534 3469 561 3516 in
571 3470 655 3530 prisca
665 3468 733 3517 AP:
751 3469 800 3516 uiri
817 3469 901 3530 prisca
920 3469 997 3517 Orelli
1071 3486 1104 3518 20
1121 3471 1206 3518 odium
1218 3506 1224 3518 .
1237 3507 1265 3519 .„

266 3537 391 3585 eluctatus
400 3534 509 3597 Maduig
573 3549 603 3581 21
616 3534 700 3582 Asinii
708 3533 764 3581 ΑΡ
813 3550 844 3582 aa
862 3550 972 3596 namque
983 3535 1053 3584 BA:
1071 3535 1167 3584 narnP
1233 3550 1265 3597 23

267 3650 488 3700 BrundusinamP
551 3666 582 3710 24
594 3612 791 3715 lunibuamA(
810 3649 832 3713 ')
