<?xml version="1.0" encoding="UTF-8"?>
<!DOCTYPE html PUBLIC "-//W3C//DTD XHTML 1.0 Transitional//EN"
    "http://www.w3.org/TR/xhtml1/DTD/xhtml1-transitional.dtd">
<html xmlns="http://www.w3.org/1999/xhtml" xml:lang="en" lang="en">
 <head>
  <title>
</title>
<meta http-equiv="Content-Type" content="text/html;charset=utf-8" />
  <meta name='ocr-system' content='tesseract 3.04.00' />
  <meta name='ocr-capabilities' content='ocr_page ocr_carea ocr_par ocr_line ocrx_word'/>
</head>
<body>
  <div class='ocr_page' id='page_1' title='image "./velleipaterculi01elligoog_0136.png"; bbox 0 0 3050 4350; ppageno 0'>
   <div class='ocr_carea' id='block_1_1' title="bbox 669 347 852 408">
    <p class='ocr_par' dir='ltr' id='par_1_1' title="bbox 669 347 852 408">
     <span class='ocr_line' id='line_1_1' title="bbox 669 347 852 408; baseline 0.005 -1"><span class='ocrx_word' id='word_1_1' title='bbox 669 347 799 408; x_wconf 89' lang='lat' dir='ltr'><strong>LIBER</strong></span> <span class='ocrx_word' id='word_1_2' title='bbox 819 348 852 408; x_wconf 93' lang='lat'>11</span> 
     </span>
    </p>
   </div>
   <div class='ocr_carea' id='block_1_2' title="bbox 222 513 1341 3147">
    <p class='ocr_par' dir='ltr' id='par_1_2' title="bbox 263 513 1341 886">
     <span class='ocr_line' id='line_1_2' title="bbox 305 513 1318 586; baseline -0.005 -9"><span class='ocrx_word' id='word_1_3' title='bbox 305 517 491 579; x_wconf 86' lang='lat' dir='ltr'>Praeclarum</span> <span class='ocrx_word' id='word_1_4' title='bbox 519 513 688 576; x_wconf 86' lang='lat' dir='ltr'>excellentis</span> <span class='ocrx_word' id='word_1_5' title='bbox 713 514 768 575; x_wconf 93' lang='lat' dir='ltr'>uiri</span> <span class='ocrx_word' id='word_1_6' title='bbox 795 517 906 575; x_wconf 86' lang='lat' dir='ltr'>sactum</span> <span class='ocrx_word' id='word_1_7' title='bbox 934 516 968 577; x_wconf 92' lang='lat' dir='ltr'>C.</span> <span class='ocrx_word' id='word_1_8' title='bbox 996 515 1078 576; x_wconf 89' lang='lat' dir='ltr'><strong>Senti</strong></span> <span class='ocrx_word' id='word_1_9' title='bbox 1111 514 1261 576; x_wconf 90' lang='lat' dir='ltr'>Saturnini</span> <span class='ocrx_word' id='word_1_10' title='bbox 1275 527 1318 586; x_wconf 82' lang='lat'>92</span> 
     </span>
     <span class='ocr_line' id='line_1_3' title="bbox 264 612 1288 690; baseline 0 -16"><span class='ocrx_word' id='word_1_11' title='bbox 264 614 341 674; x_wconf 89' lang='lat' dir='ltr'>circa</span> <span class='ocrx_word' id='word_1_12' title='bbox 362 634 398 674; x_wconf 83' lang='lat' dir='ltr'>ea</span> <span class='ocrx_word' id='word_1_13' title='bbox 422 625 556 690; x_wconf 87' lang='lat' dir='ltr'>tempora</span> <span class='ocrx_word' id='word_1_14' title='bbox 578 612 707 672; x_wconf 91' lang='lat' dir='ltr'>consulis</span> <span class='ocrx_word' id='word_1_15' title='bbox 731 632 770 672; x_wconf 94' lang='lat' dir='ltr'>ne</span> <span class='ocrx_word' id='word_1_16' title='bbox 794 613 945 672; x_wconf 83' lang='lat' dir='ltr'><strong>fraudetur</strong></span> <span class='ocrx_word' id='word_1_17' title='bbox 967 612 1117 672; x_wconf 81' lang='lat' dir='ltr'>memoria</span> <span class='ocrx_word' id='word_1_18' title='bbox 1160 613 1288 674; x_wconf 80' lang='lat' dir='ltr'>aberatr</span> 
     </span>
     <span class='ocr_line' id='line_1_4' title="bbox 265 710 1341 794; baseline -0.001 -22"><span class='ocrx_word' id='word_1_19' title='bbox 265 710 319 794; x_wconf 86' lang='lat' dir='ltr'>[in]</span> <span class='ocrx_word' id='word_1_20' title='bbox 349 711 521 772; x_wconf 88' lang='lat' dir='ltr'>ordinandis</span> <span class='ocrx_word' id='word_1_21' title='bbox 549 711 638 770; x_wconf 88' lang='lat' dir='ltr'>Asiae</span> <span class='ocrx_word' id='word_1_22' title='bbox 666 711 856 789; x_wconf 86' lang='lat' dir='ltr'>Orientisque</span> <span class='ocrx_word' id='word_1_23' title='bbox 883 712 971 772; x_wconf 90' lang='lat' dir='ltr'>rebus</span> <span class='ocrx_word' id='word_1_24' title='bbox 997 713 1114 785; x_wconf 87' lang='lat' dir='ltr'>Caesar,</span> <span class='ocrx_word' id='word_1_25' title='bbox 1140 711 1263 772; x_wconf 91' lang='lat' dir='ltr'>circum·</span> <span class='ocrx_word' id='word_1_26' title='bbox 1337 773 1341 780; x_wconf 70' lang='grc'>,</span> 
     </span>
     <span class='ocr_line' id='line_1_5' title="bbox 263 808 1261 886; baseline -0.003 -15"><span class='ocrx_word' id='word_1_27' title='bbox 263 814 360 872; x_wconf 85' lang='lat' dir='ltr'>ferens</span> <span class='ocrx_word' id='word_1_28' title='bbox 381 823 522 870; x_wconf 88' lang='lat' dir='ltr'>terrarum</span> <span class='ocrx_word' id='word_1_29' title='bbox 541 809 606 869; x_wconf 89' lang='lat' dir='ltr'>orbi</span> <span class='ocrx_word' id='word_1_30' title='bbox 624 808 790 886; x_wconf 89' lang='lat' dir='ltr'>praesentia</span> <span class='ocrx_word' id='word_1_31' title='bbox 807 830 860 870; x_wconf 90' lang='lat' dir='ltr'>sua</span> <span class='ocrx_word' id='word_1_32' title='bbox 878 809 959 886; x_wconf 86' lang='lat' dir='ltr'>pacis</span> <span class='ocrx_word' id='word_1_33' title='bbox 976 830 1046 869; x_wconf 91' lang='lat' dir='ltr'>suae</span> <span class='ocrx_word' id='word_1_34' title='bbox 1065 810 1153 869; x_wconf 85' lang='lat' dir='ltr'>bona</span> <span class='ocrx_word' id='word_1_35' title='bbox 1197 821 1261 868; x_wconf 87' lang='lat' dir='ltr'>tum</span> 
     </span>
    </p>

    <p class='ocr_par' dir='ltr' id='par_1_3' title="bbox 237 907 1266 1381">
     <span class='ocr_line' id='line_1_6' title="bbox 237 907 1263 983; baseline -0.002 -13"><span class='ocrx_word' id='word_1_36' title='bbox 237 909 391 983; x_wconf 89' lang='lat' dir='ltr'>5Sentius,</span> <span class='ocrx_word' id='word_1_37' title='bbox 406 911 481 968; x_wconf 84' lang='lat' dir='ltr'>forte</span> <span class='ocrx_word' id='word_1_38' title='bbox 500 919 529 968; x_wconf 94' lang='lat' dir='ltr'>et</span> <span class='ocrx_word' id='word_1_39' title='bbox 550 910 631 968; x_wconf 92' lang='lat' dir='ltr'>solus</span> <span class='ocrx_word' id='word_1_40' title='bbox 652 918 681 967; x_wconf 91' lang='lat' dir='ltr'>et</span> <span class='ocrx_word' id='word_1_41' title='bbox 699 908 823 969; x_wconf 90' lang='lat' dir='ltr'>absente</span> <span class='ocrx_word' id='word_1_42' title='bbox 843 910 969 970; x_wconf 83' lang='lat' dir='ltr'>Caesare</span> <span class='ocrx_word' id='word_1_43' title='bbox 988 911 1101 983; x_wconf 91' lang='lat' dir='ltr'>consul,</span> <span class='ocrx_word' id='word_1_44' title='bbox 1117 929 1186 968; x_wconf 94' lang='lat' dir='ltr'>cum</span> <span class='ocrx_word' id='word_1_45' title='bbox 1205 907 1263 968; x_wconf 91' lang='lat' dir='ltr'>alia</span> 
     </span>
     <span class='ocr_line' id='line_1_7' title="bbox 264 1005 1262 1085; baseline -0.001 -18"><span class='ocrx_word' id='word_1_46' title='bbox 264 1005 542 1085; x_wconf 90' lang='lat' dir='ltr'>priscaseueritate</span> <span class='ocrx_word' id='word_1_47' title='bbox 570 1025 746 1083; x_wconf 88' lang='lat' dir='ltr'>summaque</span> <span class='ocrx_word' id='word_1_48' title='bbox 774 1005 948 1079; x_wconf 87' lang='lat' dir='ltr'>constantia,</span> <span class='ocrx_word' id='word_1_49' title='bbox 977 1018 1077 1067; x_wconf 91' lang='lat' dir='ltr'>uetere</span> <span class='ocrx_word' id='word_1_50' title='bbox 1105 1010 1262 1067; x_wconf 93' lang='lat' dir='ltr'>consulum</span> 
     </span>
     <span class='ocr_line' id='line_1_8' title="bbox 265 1104 1262 1183; baseline -0.003 -16"><span class='ocrx_word' id='word_1_51' title='bbox 265 1127 347 1167; x_wconf 90' lang='lat' dir='ltr'>more</span> <span class='ocrx_word' id='word_1_52' title='bbox 367 1114 452 1182; x_wconf 83' lang='lat' dir='ltr'>atquc</span> <span class='ocrx_word' id='word_1_53' title='bbox 472 1104 636 1181; x_wconf 86' lang='lat' dir='ltr'>asperitate,</span> <span class='ocrx_word' id='word_1_54' title='bbox 658 1104 804 1181; x_wconf 84' lang='lat' dir='ltr'>gessisset,</span> <span class='ocrx_word' id='word_1_55' title='bbox 826 1105 1014 1181; x_wconf 82' lang='lat' dir='ltr'>protraxisset</span> <span class='ocrx_word' id='word_1_56' title='bbox 1035 1105 1262 1183; x_wconf 80' lang='lat' dir='ltr'>publicanorum</span> 
     </span>
     <span class='ocr_line' id='line_1_9' title="bbox 264 1203 1264 1281; baseline -0.001 -15"><span class='ocrx_word' id='word_1_57' title='bbox 264 1205 382 1279; x_wconf 86' lang='lat' dir='ltr'>fraudis,</span> <span class='ocrx_word' id='word_1_58' title='bbox 398 1204 531 1281; x_wconf 91' lang='lat' dir='ltr'>punisset</span> <span class='ocrx_word' id='word_1_59' title='bbox 545 1203 706 1276; x_wconf 89' lang='lat' dir='ltr'>auaritiam,</span> <span class='ocrx_word' id='word_1_60' title='bbox 722 1203 891 1280; x_wconf 90' lang='lat' dir='ltr'>regessisset</span> <span class='ocrx_word' id='word_1_61' title='bbox 911 1204 942 1262; x_wconf 94' lang='lat' dir='ltr'>in</span> <span class='ocrx_word' id='word_1_62' title='bbox 961 1204 1104 1264; x_wconf 88' lang='lat' dir='ltr'>aerarium</span> <span class='ocrx_word' id='word_1_63' title='bbox 1122 1204 1264 1281; x_wconf 87' lang='lat' dir='ltr'>pecunias</span> 
     </span>
     <span class='ocr_line' id='line_1_10' title="bbox 264 1300 1266 1381; baseline -0.001 -18"><span class='ocrx_word' id='word_1_64' title='bbox 264 1303 406 1381; x_wconf 86' lang='lat' dir='ltr'>publicas,</span> <span class='ocrx_word' id='word_1_65' title='bbox 430 1313 494 1361; x_wconf 88' lang='lat' dir='ltr'>tum</span> <span class='ocrx_word' id='word_1_66' title='bbox 516 1301 548 1360; x_wconf 95' lang='lat' dir='ltr'>in</span> <span class='ocrx_word' id='word_1_67' title='bbox 572 1300 699 1361; x_wconf 88' lang='lat' dir='ltr'>comitiis</span> <span class='ocrx_word' id='word_1_68' title='bbox 723 1301 869 1360; x_wconf 81' lang='lat' dir='ltr'>habendis</span> <span class='ocrx_word' id='word_1_69' title='bbox 893 1301 1085 1378; x_wconf 87' lang='lat' dir='ltr'>praecipuum</span> <span class='ocrx_word' id='word_1_70' title='bbox 1109 1301 1168 1378; x_wconf 89' lang='lat' dir='ltr'>egit</span> <span class='ocrx_word' id='word_1_71' title='bbox 1196 1322 1266 1362; x_wconf 89' lang='lat' dir='ltr'>con·</span> 
     </span>
    </p>

    <p class='ocr_par' dir='ltr' id='par_1_4' title="bbox 222 1385 1327 1869">
     <span class='ocr_line' id='line_1_11' title="bbox 222 1385 1327 1477; baseline 0.002 -17"><span class='ocrx_word' id='word_1_72' title='bbox 222 1404 378 1461; x_wconf 78' lang='lat' dir='ltr'>insulem:</span> <span class='ocrx_word' id='word_1_73' title='bbox 413 1420 483 1459; x_wconf 89' lang='lat' dir='ltr'>nam</span> <span class='ocrx_word' id='word_1_74' title='bbox 508 1409 537 1458; x_wconf 94' lang='lat' dir='ltr'>et</span> <span class='ocrx_word' id='word_1_75' title='bbox 559 1409 746 1476; x_wconf 88' lang='lat' dir='ltr'>quaesturam</span> <span class='ocrx_word' id='word_1_76' title='bbox 769 1397 905 1475; x_wconf 90' lang='lat' dir='ltr'>petentis,</span> <span class='ocrx_word' id='word_1_77' title='bbox 929 1413 1015 1477; x_wconf 83' lang='lat' dir='ltr'>quos·</span> <span class='ocrx_word' id='word_1_78' title='bbox 1028 1398 1167 1475; x_wconf 91' lang='lat' dir='ltr'>indignos</span> <span class='ocrx_word' id='word_1_79' title='bbox 1191 1397 1293 1462; x_wconf 80' lang='lat' dir='ltr'>iudi-3</span> <span class='ocrx_word' id='word_1_80' title='bbox 1324 1385 1327 1398; x_wconf 26' lang='grc' dir='ltr'><em>Α</em></span> 
     </span>
     <span class='ocr_line' id='line_1_12' title="bbox 266 1495 1265 1575; baseline -0.003 -16"><span class='ocrx_word' id='word_1_81' title='bbox 266 1498 352 1572; x_wconf 88' lang='lat' dir='ltr'>cauit,</span> <span class='ocrx_word' id='word_1_82' title='bbox 368 1495 498 1575; x_wconf 89' lang='lat' dir='ltr'>profiteri</span> <span class='ocrx_word' id='word_1_83' title='bbox 519 1495 622 1567; x_wconf 93' lang='lat' dir='ltr'>uetuit,</span> <span class='ocrx_word' id='word_1_84' title='bbox 640 1505 678 1568; x_wconf 91' lang='lat' dir='ltr'>et,</span> <span class='ocrx_word' id='word_1_85' title='bbox 697 1515 765 1554; x_wconf 91' lang='lat' dir='ltr'>cum</span> <span class='ocrx_word' id='word_1_86' title='bbox 783 1495 815 1554; x_wconf 93' lang='lat' dir='ltr'>id</span> <span class='ocrx_word' id='word_1_87' title='bbox 831 1497 960 1556; x_wconf 83' lang='lat' dir='ltr'>facturos</span> <span class='ocrx_word' id='word_1_88' title='bbox 981 1516 1013 1556; x_wconf 91' lang='lat' dir='ltr'>se</span> <span class='ocrx_word' id='word_1_89' title='bbox 1034 1508 1265 1573; x_wconf 88' lang='lat' dir='ltr'>perseuerarent,</span> 
     </span>
     <span class='ocr_line' id='line_1_13' title="bbox 266 1592 1265 1669; baseline -0.002 -13"><span class='ocrx_word' id='word_1_90' title='bbox 266 1597 459 1667; x_wconf 85' lang='lat' dir='ltr'>consularem,</span> <span class='ocrx_word' id='word_1_91' title='bbox 472 1593 497 1653; x_wconf 92' lang='lat' dir='ltr'>si</span> <span class='ocrx_word' id='word_1_92' title='bbox 510 1592 542 1652; x_wconf 92' lang='lat' dir='ltr'>in</span> <span class='ocrx_word' id='word_1_93' title='bbox 557 1612 696 1669; x_wconf 91' lang='lat' dir='ltr'>campum</span> <span class='ocrx_word' id='word_1_94' title='bbox 710 1593 944 1667; x_wconf 88' lang='lat' dir='ltr'>descendissent,</span> <span class='ocrx_word' id='word_1_95' title='bbox 956 1593 1120 1655; x_wconf 87' lang='lat' dir='ltr'>uindictam</span> <span class='ocrx_word' id='word_1_96' title='bbox 1135 1593 1265 1655; x_wconf 88' lang='lat' dir='ltr'>minatus</span> 
     </span>
     <span class='ocr_line' id='line_1_14' title="bbox 266 1692 1294 1771; baseline -0.001 -16"><span class='ocrx_word' id='word_1_97' title='bbox 266 1706 318 1768; x_wconf 92' lang='lat' dir='ltr'>est,</span> <span class='ocrx_word' id='word_1_98' title='bbox 334 1705 363 1754; x_wconf 93' lang='lat' dir='ltr'>et</span> <span class='ocrx_word' id='word_1_99' title='bbox 379 1692 538 1770; x_wconf 89' lang='lat' dir='ltr'>Egnatium</span> <span class='ocrx_word' id='word_1_100' title='bbox 555 1694 711 1752; x_wconf 90' lang='lat' dir='ltr'>florentem</span> <span class='ocrx_word' id='word_1_101' title='bbox 725 1693 826 1751; x_wconf 88' lang='lat' dir='ltr'>fauore</span> <span class='ocrx_word' id='word_1_102' title='bbox 845 1692 966 1769; x_wconf 92' lang='lat' dir='ltr'>publico</span> <span class='ocrx_word' id='word_1_103' title='bbox 986 1705 1213 1771; x_wconf 89' lang='lat' dir='ltr'>sperantemque</span> <span class='ocrx_word' id='word_1_104' title='bbox 1232 1705 1294 1764; x_wconf 91' lang='lat' dir='ltr'>ut4</span> 
     </span>
     <span class='ocr_line' id='line_1_15' title="bbox 266 1788 1264 1869; baseline 0.002 -19"><span class='ocrx_word' id='word_1_105' title='bbox 266 1802 432 1869; x_wconf 89' lang='lat' dir='ltr'>praeturam</span> <span class='ocrx_word' id='word_1_106' title='bbox 446 1789 597 1862; x_wconf 89' lang='lat' dir='ltr'>aedilitati,</span> <span class='ocrx_word' id='word_1_107' title='bbox 612 1788 653 1848; x_wconf 93' lang='lat' dir='ltr'>ita</span> <span class='ocrx_word' id='word_1_108' title='bbox 667 1790 854 1848; x_wconf 88' lang='lat' dir='ltr'>consulatum</span> <span class='ocrx_word' id='word_1_109' title='bbox 868 1802 1021 1867; x_wconf 89' lang='lat' dir='ltr'>praeturae</span> <span class='ocrx_word' id='word_1_110' title='bbox 1035 1811 1067 1851; x_wconf 90' lang='lat' dir='ltr'>se</span> <span class='ocrx_word' id='word_1_111' title='bbox 1086 1791 1264 1867; x_wconf 90' lang='lat' dir='ltr'>iuncturum,</span> 
     </span>
    </p>

    <p class='ocr_par' dir='ltr' id='par_1_5' title="bbox 224 1885 1294 2362">
     <span class='ocr_line' id='line_1_16' title="bbox 224 1885 1266 1970; baseline 0.002 -24"><span class='ocrx_word' id='word_1_112' title='bbox 224 1912 232 1946; x_wconf 87' lang='lat'>1</span> <span class='ocrx_word' id='word_1_113' title='bbox 240 1915 253 1962; x_wconf 77' lang='lat'>5</span> <span class='ocrx_word' id='word_1_114' title='bbox 269 1885 423 1970; x_wconf 85' lang='lat' dir='ltr'>[profiteri]</span> <span class='ocrx_word' id='word_1_115' title='bbox 438 1886 541 1960; x_wconf 90' lang='lat' dir='ltr'>uetuit,</span> <span class='ocrx_word' id='word_1_116' title='bbox 557 1898 586 1947; x_wconf 94' lang='lat' dir='ltr'>et</span> <span class='ocrx_word' id='word_1_117' title='bbox 601 1907 669 1946; x_wconf 92' lang='lat' dir='ltr'>cum</span> <span class='ocrx_word' id='word_1_118' title='bbox 684 1886 716 1946; x_wconf 94' lang='lat' dir='ltr'>id</span> <span class='ocrx_word' id='word_1_119' title='bbox 729 1907 791 1946; x_wconf 91' lang='lat' dir='ltr'>non</span> <span class='ocrx_word' id='word_1_120' title='bbox 806 1886 991 1961; x_wconf 91' lang='lat' dir='ltr'>obtinuisset,</span> <span class='ocrx_word' id='word_1_121' title='bbox 1006 1888 1121 1962; x_wconf 91' lang='lat' dir='ltr'>iurauit,</span> <span class='ocrx_word' id='word_1_122' title='bbox 1137 1889 1227 1949; x_wconf 90' lang='lat' dir='ltr'>etiam</span> <span class='ocrx_word' id='word_1_123' title='bbox 1242 1889 1266 1950; x_wconf 94' lang='lat' dir='ltr'>si</span> 
     </span>
     <span class='ocr_line' id='line_1_17' title="bbox 267 1986 1266 2065; baseline -0.003 -14"><span class='ocrx_word' id='word_1_124' title='bbox 267 1993 361 2051; x_wconf 86' lang='lat' dir='ltr'>sactus</span> <span class='ocrx_word' id='word_1_125' title='bbox 389 2000 467 2049; x_wconf 90' lang='lat' dir='ltr'>esset</span> <span class='ocrx_word' id='word_1_126' title='bbox 494 1990 599 2048; x_wconf 93' lang='lat' dir='ltr'>consul</span> <span class='ocrx_word' id='word_1_127' title='bbox 627 1987 769 2065; x_wconf 86' lang='lat' dir='ltr'>suffragiis</span> <span class='ocrx_word' id='word_1_128' title='bbox 793 1986 905 2065; x_wconf 92' lang='lat' dir='ltr'>populi,</span> <span class='ocrx_word' id='word_1_129' title='bbox 929 1999 1028 2047; x_wconf 91' lang='lat' dir='ltr'>tamen</span> <span class='ocrx_word' id='word_1_130' title='bbox 1053 2008 1085 2047; x_wconf 91' lang='lat' dir='ltr'>se</span> <span class='ocrx_word' id='word_1_131' title='bbox 1109 2008 1179 2048; x_wconf 88' lang='lat' dir='ltr'>eum</span> <span class='ocrx_word' id='word_1_132' title='bbox 1203 2008 1266 2048; x_wconf 92' lang='lat' dir='ltr'>non</span> 
     </span>
     <span class='ocr_line' id='line_1_18' title="bbox 266 2087 1294 2166; baseline -0.004 -14"><span class='ocrx_word' id='word_1_133' title='bbox 266 2091 508 2152; x_wconf 89' lang='lat' dir='ltr'>renuntiaturum.</span> <span class='ocrx_word' id='word_1_134' title='bbox 552 2090 635 2166; x_wconf 91' lang='lat' dir='ltr'>quod</span> <span class='ocrx_word' id='word_1_135' title='bbox 663 2109 718 2166; x_wconf 88' lang='lat' dir='ltr'>ego</span> <span class='ocrx_word' id='word_1_136' title='bbox 746 2091 858 2148; x_wconf 87' lang='lat' dir='ltr'>factum</span> <span class='ocrx_word' id='word_1_137' title='bbox 885 2087 1007 2147; x_wconf 89' lang='lat' dir='ltr'>cuilibet</span> <span class='ocrx_word' id='word_1_138' title='bbox 1034 2099 1169 2148; x_wconf 88' lang='lat' dir='ltr'>ueterum</span> <span class='ocrx_word' id='word_1_139' title='bbox 1197 2109 1294 2160; x_wconf 90' lang='lat' dir='ltr'>con-5</span> 
     </span>
     <span class='ocr_line' id='line_1_19' title="bbox 266 2184 1267 2265; baseline -0.004 -16"><span class='ocrx_word' id='word_1_140' title='bbox 266 2192 364 2250; x_wconf 93' lang='lat' dir='ltr'>sulum</span> <span class='ocrx_word' id='word_1_141' title='bbox 391 2187 501 2265; x_wconf 89' lang='lat' dir='ltr'>gloriae</span> <span class='ocrx_word' id='word_1_142' title='bbox 528 2189 763 2264; x_wconf 87' lang='lat' dir='ltr'>comparandum</span> <span class='ocrx_word' id='word_1_143' title='bbox 797 2206 870 2258; x_wconf 90' lang='lat' dir='ltr'>reor,</span> <span class='ocrx_word' id='word_1_144' title='bbox 900 2184 956 2245; x_wconf 92' lang='lat' dir='ltr'>nisi</span> <span class='ocrx_word' id='word_1_145' title='bbox 984 2188 1067 2263; x_wconf 92' lang='lat' dir='ltr'>quod</span> <span class='ocrx_word' id='word_1_146' title='bbox 1098 2186 1267 2246; x_wconf 90' lang='lat' dir='ltr'>naturaliter</span> 
     </span>
     <span class='ocr_line' id='line_1_20' title="bbox 267 2285 1267 2362; baseline -0.004 -14"><span class='ocrx_word' id='word_1_147' title='bbox 267 2287 368 2348; x_wconf 86' lang='lat' dir='ltr'>audita</span> <span class='ocrx_word' id='word_1_148' title='bbox 388 2286 459 2346; x_wconf 93' lang='lat' dir='ltr'>uisis</span> <span class='ocrx_word' id='word_1_149' title='bbox 480 2288 636 2346; x_wconf 88' lang='lat' dir='ltr'>laudamus</span> <span class='ocrx_word' id='word_1_150' title='bbox 657 2285 796 2346; x_wconf 90' lang='lat' dir='ltr'>libentius</span> <span class='ocrx_word' id='word_1_151' title='bbox 818 2297 847 2345; x_wconf 91' lang='lat' dir='ltr'>et</span> <span class='ocrx_word' id='word_1_152' title='bbox 866 2285 1032 2362; x_wconf 88' lang='lat' dir='ltr'>praesentia</span> <span class='ocrx_word' id='word_1_153' title='bbox 1050 2285 1170 2358; x_wconf 70' lang='lat' dir='ltr'>inuidia</span> <span class='ocrx_word' id='word_1_154' title='bbox 1186 2306 1267 2362; x_wconf 87' lang='lat' dir='ltr'>prae-</span> 
     </span>
    </p>

    <p class='ocr_par' dir='ltr' id='par_1_6' title="bbox 222 2383 1267 2544">
     <span class='ocr_line' id='line_1_21' title="bbox 222 2383 1267 2462; baseline -0.004 -15"><span class='ocrx_word' id='word_1_155' title='bbox 222 2421 252 2454; x_wconf 83' lang='lat'>20</span> <span class='ocrx_word' id='word_1_156' title='bbox 267 2386 352 2447; x_wconf 89' lang='lat' dir='ltr'>terita</span> <span class='ocrx_word' id='word_1_157' title='bbox 365 2384 556 2446; x_wconf 89' lang='lat' dir='ltr'>ueneratione</span> <span class='ocrx_word' id='word_1_158' title='bbox 575 2384 781 2462; x_wconf 88' lang='lat' dir='ltr'>prosequimur</span> <span class='ocrx_word' id='word_1_159' title='bbox 795 2395 824 2444; x_wconf 94' lang='lat' dir='ltr'>et</span> <span class='ocrx_word' id='word_1_160' title='bbox 843 2384 888 2444; x_wconf 92' lang='lat' dir='ltr'>his</span> <span class='ocrx_word' id='word_1_161' title='bbox 906 2404 961 2444; x_wconf 93' lang='lat' dir='ltr'>nos</span> <span class='ocrx_word' id='word_1_162' title='bbox 980 2383 1074 2457; x_wconf 88' lang='lat' dir='ltr'>obrui,</span> <span class='ocrx_word' id='word_1_163' title='bbox 1090 2383 1146 2443; x_wconf 92' lang='lat' dir='ltr'>illis</span> <span class='ocrx_word' id='word_1_164' title='bbox 1163 2384 1267 2444; x_wconf 89' lang='lat' dir='ltr'>instrui</span> 
     </span>
     <span class='ocr_line' id='line_1_22' title="bbox 266 2482 422 2544; baseline -0.013 0"><span class='ocrx_word' id='word_1_165' title='bbox 266 2482 422 2544; x_wconf 90' lang='lat' dir='ltr'>credimus.</span> 
     </span>
    </p>

    <p class='ocr_par' dir='ltr' id='par_1_7' title="bbox 268 2580 1324 2853">
     <span class='ocr_line' id='line_1_23' title="bbox 307 2580 1324 2658; baseline 0 -16"><span class='ocrx_word' id='word_1_166' title='bbox 307 2585 388 2642; x_wconf 91' lang='lat' dir='ltr'>Ante</span> <span class='ocrx_word' id='word_1_167' title='bbox 402 2580 561 2641; x_wconf 88' lang='lat' dir='ltr'>triennium</span> <span class='ocrx_word' id='word_1_168' title='bbox 576 2583 644 2653; x_wconf 90' lang='lat' dir='ltr'>fere,</span> <span class='ocrx_word' id='word_1_169' title='bbox 660 2600 751 2657; x_wconf 89' lang='lat' dir='ltr'>quam</span> <span class='ocrx_word' id='word_1_170' title='bbox 767 2580 966 2657; x_wconf 84' lang='lat' dir='ltr'>Egnatianum</span> <span class='ocrx_word' id='word_1_171' title='bbox 981 2582 1076 2640; x_wconf 90' lang='lat' dir='ltr'>scelus</span> <span class='ocrx_word' id='word_1_172' title='bbox 1091 2594 1266 2658; x_wconf 87' lang='lat' dir='ltr'>erumperet,</span> <span class='ocrx_word' id='word_1_173' title='bbox 1281 2601 1324 2658; x_wconf 84' lang='lat'>93</span> 
     </span>
     <span class='ocr_line' id='line_1_24' title="bbox 268 2677 1268 2755; baseline 0 -16"><span class='ocrx_word' id='word_1_174' title='bbox 268 2679 345 2739; x_wconf 92' lang='lat' dir='ltr'>circa</span> <span class='ocrx_word' id='word_1_175' title='bbox 367 2682 512 2739; x_wconf 86' lang='lat' dir='ltr'>Murenae</span> <span class='ocrx_word' id='word_1_176' title='bbox 533 2677 753 2754; x_wconf 89' lang='lat' dir='ltr'>Caepionisque</span> <span class='ocrx_word' id='word_1_177' title='bbox 776 2677 987 2738; x_wconf 90' lang='lat' dir='ltr'>coniurationis</span> <span class='ocrx_word' id='word_1_178' title='bbox 1008 2689 1135 2755; x_wconf 89' lang='lat' dir='ltr'>tempus,</span> <span class='ocrx_word' id='word_1_179' title='bbox 1156 2679 1268 2739; x_wconf 89' lang='lat' dir='ltr'>abhinc</span> 
     </span>
     <span class='ocr_line' id='line_1_25' title="bbox 268 2775 1267 2853; baseline -0.001 -17"><span class='ocrx_word' id='word_1_180' title='bbox 268 2797 363 2837; x_wconf 87' lang='lat' dir='ltr'>annos</span> <span class='ocrx_word' id='word_1_181' title='bbox 379 2795 405 2850; x_wconf 87' lang='lat' dir='ltr'>L,</span> <span class='ocrx_word' id='word_1_182' title='bbox 422 2778 465 2835; x_wconf 91' lang='lat' dir='ltr'>M.</span> <span class='ocrx_word' id='word_1_183' title='bbox 477 2778 645 2849; x_wconf 89' lang='lat' dir='ltr'>Marcellus,</span> <span class='ocrx_word' id='word_1_184' title='bbox 656 2775 763 2836; x_wconf 89' lang='lat' dir='ltr'>sororis</span> <span class='ocrx_word' id='word_1_185' title='bbox 778 2775 905 2852; x_wconf 88' lang='lat' dir='ltr'>Augusti</span> <span class='ocrx_word' id='word_1_186' title='bbox 920 2775 1064 2836; x_wconf 89' lang='lat' dir='ltr'>Octauiae</span> <span class='ocrx_word' id='word_1_187' title='bbox 1078 2775 1163 2849; x_wconf 94' lang='lat' dir='ltr'>filius,</span> <span class='ocrx_word' id='word_1_188' title='bbox 1176 2796 1267 2853; x_wconf 89' lang='lat' dir='ltr'>quem</span> 
     </span>
    </p>

    <p class='ocr_par' dir='ltr' id='par_1_8' title="bbox 222 2872 1267 3147">
     <span class='ocr_line' id='line_1_26' title="bbox 222 2872 1267 2952; baseline 0.005 -22"><span class='ocrx_word' id='word_1_189' title='bbox 222 2898 253 2946; x_wconf 86' lang='lat'>25</span> <span class='ocrx_word' id='word_1_190' title='bbox 269 2873 405 2934; x_wconf 91' lang='lat' dir='ltr'>homines</span> <span class='ocrx_word' id='word_1_191' title='bbox 430 2873 478 2947; x_wconf 89' lang='lat' dir='ltr'>ita,</span> <span class='ocrx_word' id='word_1_192' title='bbox 501 2873 526 2933; x_wconf 92' lang='lat' dir='ltr'>si</span> <span class='ocrx_word' id='word_1_193' title='bbox 548 2873 621 2951; x_wconf 92' lang='lat' dir='ltr'>quid</span> <span class='ocrx_word' id='word_1_194' title='bbox 649 2872 806 2933; x_wconf 91' lang='lat' dir='ltr'>accidisset</span> <span class='ocrx_word' id='word_1_195' title='bbox 835 2872 962 2946; x_wconf 88' lang='lat' dir='ltr'>Caesari,</span> <span class='ocrx_word' id='word_1_196' title='bbox 986 2893 1188 2934; x_wconf 89' lang='lat' dir='ltr'>successorem</span> <span class='ocrx_word' id='word_1_197' title='bbox 1216 2895 1267 2952; x_wconf 94' lang='lat' dir='ltr'>po-</span> 
     </span>
     <span class='ocr_line' id='line_1_27' title="bbox 269 2971 1264 3050; baseline 0 -17"><span class='ocrx_word' id='word_1_198' title='bbox 269 2971 378 3033; x_wconf 89' lang='lat' dir='ltr'>tentiae</span> <span class='ocrx_word' id='word_1_199' title='bbox 403 2971 467 3032; x_wconf 91' lang='lat' dir='ltr'>eius</span> <span class='ocrx_word' id='word_1_200' title='bbox 494 2971 711 3032; x_wconf 89' lang='lat' dir='ltr'>arbitrabantur</span> <span class='ocrx_word' id='word_1_201' title='bbox 735 2973 875 3044; x_wconf 86' lang='lat' dir='ltr'>futurum,</span> <span class='ocrx_word' id='word_1_202' title='bbox 899 2983 931 3030; x_wconf 94' lang='lat' dir='ltr'>ut</span> <span class='ocrx_word' id='word_1_203' title='bbox 956 2982 1057 3032; x_wconf 88' lang='lat' dir='ltr'>tamen</span> <span class='ocrx_word' id='word_1_204' title='bbox 1081 2972 1113 3032; x_wconf 94' lang='lat' dir='ltr'>id</span> <span class='ocrx_word' id='word_1_205' title='bbox 1140 2993 1193 3050; x_wconf 91' lang='lat' dir='ltr'>per</span> <span class='ocrx_word' id='word_1_206' title='bbox 1221 2976 1264 3033; x_wconf 90' lang='grc' dir='ltr'>Μ.</span> 
     </span>
     <span class='ocr_line' id='line_1_28' title="bbox 268 3067 1265 3147; baseline 0.003 -19"><span class='ocrx_word' id='word_1_207' title='bbox 268 3069 430 3147; x_wconf 88' lang='lat' dir='ltr'>Agrippam</span> <span class='ocrx_word' id='word_1_208' title='bbox 460 3088 564 3129; x_wconf 90' lang='lat' dir='ltr'>securo</span> <span class='ocrx_word' id='word_1_209' title='bbox 594 3067 622 3128; x_wconf 91' lang='lat' dir='ltr'>ei</span> <span class='ocrx_word' id='word_1_210' title='bbox 651 3089 739 3146; x_wconf 92' lang='lat' dir='ltr'>posse</span> <span class='ocrx_word' id='word_1_211' title='bbox 768 3068 939 3145; x_wconf 87' lang='lat' dir='ltr'>contingere</span> <span class='ocrx_word' id='word_1_212' title='bbox 967 3089 1029 3129; x_wconf 93' lang='lat' dir='ltr'>non</span> <span class='ocrx_word' id='word_1_213' title='bbox 1057 3069 1265 3146; x_wconf 86' lang='lat' dir='ltr'>existimarent,</span> 
     </span>
    </p>
   </div>
   <div class='ocr_carea' id='block_1_3' title="bbox 268 3223 1271 3618">
    <p class='ocr_par' dir='ltr' id='par_1_9' title="bbox 268 3223 1271 3618">
     <span class='ocr_line' id='line_1_29' title="bbox 303 3223 1267 3339; baseline -0.001 -14"><span class='ocrx_word' id='word_1_214' title='bbox 303 3273 513 3339; x_wconf 88' lang='lat' dir='ltr'>rpreclarumA</span> <span class='ocrx_word' id='word_1_215' title='bbox 582 3274 665 3323; x_wconf 88' lang='lat' dir='ltr'>Sentii</span> <span class='ocrx_word' id='word_1_216' title='bbox 676 3272 731 3320; x_wconf 88' lang='grc' dir='ltr'>ΑΡ</span> <span class='ocrx_word' id='word_1_217' title='bbox 793 3273 899 3334; x_wconf 74' lang='lat' dir='ltr'>gindel.</span> <span class='ocrx_word' id='word_1_218' title='bbox 909 3273 1030 3321; x_wconf 69' lang='lat' dir='ltr'>Heinsius</span> <span class='ocrx_word' id='word_1_219' title='bbox 1094 3223 1267 3334; x_wconf 68' lang='lat' dir='ltr'>5forte&amp;solus</span> 
     </span>
     <span class='ocr_line' id='line_1_30' title="bbox 268 3351 1268 3423; baseline 0 -18"><span class='ocrx_word' id='word_1_220' title='bbox 268 3358 293 3405; x_wconf 99' lang='lat' dir='ltr'>A</span> <span class='ocrx_word' id='word_1_221' title='bbox 305 3361 357 3423; x_wconf 78' lang='lat' dir='ltr'>(sr&#39;cl</span> <span class='ocrx_word' id='word_1_222' title='bbox 415 3351 535 3408; x_wconf 70' lang='lat' dir='ltr'>CUSA:</span> <span class='ocrx_word' id='word_1_223' title='bbox 552 3355 654 3405; x_wconf 88' lang='lat' dir='ltr'>COSP</span> <span class='ocrx_word' id='word_1_224' title='bbox 713 3371 726 3416; x_wconf 83' lang='lat'><strong>7</strong></span> <span class='ocrx_word' id='word_1_225' title='bbox 744 3363 820 3416; x_wconf 86' lang='lat' dir='ltr'>atque</span> <span class='ocrx_word' id='word_1_226' title='bbox 832 3357 970 3417; x_wconf 87' lang='lat' dir='ltr'>asperitate</span> <span class='ocrx_word' id='word_1_227' title='bbox 982 3357 1080 3419; x_wconf 63' lang='lat' dir='ltr'>scripsi:</span> <span class='ocrx_word' id='word_1_228' title='bbox 1096 3357 1162 3404; x_wconf 64' lang='lat' dir='ltr'>alac</span> <span class='ocrx_word' id='word_1_229' title='bbox 1171 3358 1268 3405; x_wconf 88' lang='lat' dir='ltr'>seueri-</span> 
     </span>
     <span class='ocr_line' id='line_1_31' title="bbox 269 3422 1266 3486; baseline 0 -13"><span class='ocrx_word' id='word_1_230' title='bbox 269 3432 320 3474; x_wconf 87' lang='lat' dir='ltr'>tate</span> <span class='ocrx_word' id='word_1_231' title='bbox 331 3424 357 3471; x_wconf 92' lang='lat' dir='ltr'>A</span> <span class='ocrx_word' id='word_1_232' title='bbox 377 3425 448 3486; x_wconf 82' lang='lat' dir='ltr'>(sr&#39;c):</span> <span class='ocrx_word' id='word_1_233' title='bbox 467 3439 496 3473; x_wconf 92' lang='lat' dir='ltr'>ac</span> <span class='ocrx_word' id='word_1_234' title='bbox 515 3438 597 3471; x_wconf 87' lang='lat' dir='ltr'>seuer.</span> <span class='ocrx_word' id='word_1_235' title='bbox 617 3422 655 3470; x_wconf 86' lang='lat' dir='ltr'>P:</span> <span class='ocrx_word' id='word_1_236' title='bbox 681 3437 711 3470; x_wconf 88' lang='lat' dir='ltr'>ac</span> <span class='ocrx_word' id='word_1_237' title='bbox 728 3422 920 3483; x_wconf 89' lang='lat' dir='ltr'>perseuerantia</span> <span class='ocrx_word' id='word_1_238' title='bbox 939 3422 978 3468; x_wconf 81' lang='lat' dir='ltr'>uel</span> <span class='ocrx_word' id='word_1_239' title='bbox 993 3422 1118 3482; x_wconf 81' lang='lat' dir='ltr'>grauitate</span> <span class='ocrx_word' id='word_1_240' title='bbox 1133 3422 1266 3485; x_wconf 84' lang='lat' dir='ltr'>Wopkens:</span> 
     </span>
     <span class='ocr_line' id='line_1_32' title="bbox 268 3486 1271 3550; baseline -0.003 -11"><span class='ocrx_word' id='word_1_241' title='bbox 268 3507 298 3539; x_wconf 88' lang='lat' dir='ltr'>ac</span> <span class='ocrx_word' id='word_1_242' title='bbox 311 3490 417 3539; x_wconf 87' lang='lat' dir='ltr'>ueritate</span> <span class='ocrx_word' id='word_1_243' title='bbox 431 3490 470 3537; x_wconf 84' lang='lat' dir='ltr'>uel</span> <span class='ocrx_word' id='word_1_244' title='bbox 480 3488 604 3550; x_wconf 82' lang='lat' dir='ltr'>grauitate</span> <span class='ocrx_word' id='word_1_245' title='bbox 614 3487 701 3537; x_wconf 82' lang='lat' dir='ltr'>Orelli:</span> <span class='ocrx_word' id='word_1_246' title='bbox 720 3503 749 3535; x_wconf 88' lang='lat' dir='ltr'>ac</span> <span class='ocrx_word' id='word_1_247' title='bbox 762 3486 896 3535; x_wconf 86' lang='lat' dir='ltr'>sanctitate</span> <span class='ocrx_word' id='word_1_248' title='bbox 904 3488 1015 3534; x_wconf 79' lang='lat' dir='ltr'>Laurent</span> <span class='ocrx_word' id='word_1_249' title='bbox 1079 3489 1094 3534; x_wconf 91' lang='lat'><em>8</em></span> <span class='ocrx_word' id='word_1_250' title='bbox 1107 3487 1271 3536; x_wconf 80' lang='lat' dir='ltr'>fraudesAP</span> 
     </span>
     <span class='ocr_line' id='line_1_33' title="bbox 271 3551 1267 3618; baseline -0.001 -14"><span class='ocrx_word' id='word_1_251' title='bbox 271 3573 301 3606; x_wconf 90' lang='lat'>10</span> <span class='ocrx_word' id='word_1_252' title='bbox 317 3562 438 3618; x_wconf 89' lang='lat' dir='ltr'>petentes</span> <span class='ocrx_word' id='word_1_253' title='bbox 450 3554 504 3602; x_wconf 91' lang='lat' dir='ltr'>AP</span> <span class='ocrx_word' id='word_1_254' title='bbox 577 3569 642 3614; x_wconf 89' lang='lat' dir='ltr'>quos</span> <span class='ocrx_word' id='word_1_255' title='bbox 659 3552 697 3602; x_wconf 89' lang='lat' dir='ltr'>P:</span> <span class='ocrx_word' id='word_1_256' title='bbox 726 3553 795 3613; x_wconf 90' lang='lat' dir='ltr'>quod</span> <span class='ocrx_word' id='word_1_257' title='bbox 812 3551 837 3599; x_wconf 96' lang='lat' dir='ltr'>A</span> <span class='ocrx_word' id='word_1_258' title='bbox 951 3566 980 3611; x_wconf 90' lang='lat'>15</span> <span class='ocrx_word' id='word_1_259' title='bbox 998 3553 1135 3601; x_wconf 90' lang='lat' dir='ltr'>uetuitA:</span> <span class='ocrx_word' id='word_1_260' title='bbox 1153 3555 1267 3615; x_wconf 86' lang='lat' dir='ltr'>profiteri</span> 
     </span>
    </p>
   </div>
   <div class='ocr_carea' id='block_1_4' title="bbox 268 3623 1267 3832">
    <p class='ocr_par' dir='ltr' id='par_1_10' title="bbox 268 3623 1267 3832">
     <span class='ocr_line' id='line_1_34' title="bbox 268 3623 1267 3694; baseline -0.003 -8"><span class='ocrx_word' id='word_1_261' title='bbox 268 3639 350 3687; x_wconf 91' lang='lat' dir='ltr'>uetuit</span> <span class='ocrx_word' id='word_1_262' title='bbox 361 3637 388 3684; x_wconf 90' lang='lat' dir='ltr'><em>P</em></span> <span class='ocrx_word' id='word_1_263' title='bbox 453 3640 483 3684; x_wconf 91' lang='lat'>16</span> <span class='ocrx_word' id='word_1_264' title='bbox 497 3623 567 3686; x_wconf 51' lang='lat' dir='ltr'>CffS</span> <span class='ocrx_word' id='word_1_265' title='bbox 578 3636 604 3682; x_wconf 91' lang='lat' dir='ltr'>A</span> <span class='ocrx_word' id='word_1_266' title='bbox 617 3653 624 3684; x_wconf 80' lang='lat' dir='ltr'><strong><em>z</em></strong></span> <span class='ocrx_word' id='word_1_267' title='bbox 640 3635 717 3684; x_wconf 87' lang='lat' dir='ltr'>COS.</span> <span class='ocrx_word' id='word_1_268' title='bbox 728 3633 755 3681; x_wconf 89' lang='lat' dir='ltr'><em>P</em></span> <span class='ocrx_word' id='word_1_269' title='bbox 818 3649 876 3682; x_wconf 88' lang='lat' dir='ltr'>eum</span> <span class='ocrx_word' id='word_1_270' title='bbox 887 3632 927 3682; x_wconf 89' lang='lat' dir='ltr'>P:</span> <span class='ocrx_word' id='word_1_271' title='bbox 944 3649 1001 3680; x_wconf 88' lang='lat' dir='ltr'>curn</span> <span class='ocrx_word' id='word_1_272' title='bbox 1013 3633 1039 3680; x_wconf 90' lang='lat' dir='ltr'>A</span> <span class='ocrx_word' id='word_1_273' title='bbox 1106 3651 1139 3683; x_wconf 85' lang='lat' dir='ltr'>ao</span> <span class='ocrx_word' id='word_1_274' title='bbox 1156 3636 1267 3694; x_wconf 72' lang='lat' dir='ltr'>hiisdel,</span> 
     </span>
     <span class='ocr_line' id='line_1_35' title="bbox 269 3699 1265 3766; baseline -0.001 -15"><span class='ocrx_word' id='word_1_275' title='bbox 269 3704 324 3752; x_wconf 84' lang='lat' dir='ltr'>dein</span> <span class='ocrx_word' id='word_1_276' title='bbox 335 3711 454 3766; x_wconf 75' lang='lat' dir='ltr'>suprascr.</span> <span class='ocrx_word' id='word_1_277' title='bbox 469 3702 509 3751; x_wconf 89' lang='lat' dir='ltr'>his</span> <span class='ocrx_word' id='word_1_278' title='bbox 519 3701 545 3750; x_wconf 87' lang='lat' dir='ltr'>A</span> <span class='ocrx_word' id='word_1_279' title='bbox 613 3715 645 3762; x_wconf 79' lang='lat'>23</span> <span class='ocrx_word' id='word_1_280' title='bbox 656 3700 688 3747; x_wconf 86' lang='lat' dir='ltr'>ab</span> <span class='ocrx_word' id='word_1_281' title='bbox 696 3700 754 3749; x_wconf 88' lang='lat' dir='ltr'>hinc</span> <span class='ocrx_word' id='word_1_282' title='bbox 761 3699 787 3746; x_wconf 89' lang='lat' dir='ltr'>A</span> <span class='ocrx_word' id='word_1_283' title='bbox 844 3714 876 3759; x_wconf 78' lang='lat'>24</span> <span class='ocrx_word' id='word_1_284' title='bbox 886 3700 982 3747; x_wconf 87' lang='lat' dir='ltr'>sororis</span> <span class='ocrx_word' id='word_1_285' title='bbox 990 3700 1233 3761; x_wconf 78' lang='lat' dir='ltr'>br&#39;spostenbreeraso</span> <span class='ocrx_word' id='word_1_286' title='bbox 1240 3700 1265 3749; x_wconf 86' lang='lat' dir='ltr'>A</span> 
     </span>
     <span class='ocr_line' id='line_1_36' title="bbox 269 3764 1236 3832; baseline -0.004 -13"><span class='ocrx_word' id='word_1_287' title='bbox 269 3784 301 3832; x_wconf 76' lang='lat'>25</span> <span class='ocrx_word' id='word_1_288' title='bbox 318 3766 437 3832; x_wconf 51' lang='lat' dir='ltr'>Caesarii</span> <span class='ocrx_word' id='word_1_289' title='bbox 445 3767 471 3815; x_wconf 89' lang='lat' dir='ltr'>A</span> <span class='ocrx_word' id='word_1_290' title='bbox 572 3782 602 3828; x_wconf 74' lang='lat'>27</span> <span class='ocrx_word' id='word_1_291' title='bbox 620 3781 725 3815; x_wconf 87' lang='lat' dir='ltr'>securos</span> <span class='ocrx_word' id='word_1_292' title='bbox 736 3764 804 3814; x_wconf 86' lang='lat' dir='ltr'>AP:</span> <span class='ocrx_word' id='word_1_293' title='bbox 820 3781 911 3814; x_wconf 89' lang='lat' dir='ltr'>secure</span> <span class='ocrx_word' id='word_1_294' title='bbox 923 3766 960 3814; x_wconf 81' lang='lat' dir='ltr'>vel</span> <span class='ocrx_word' id='word_1_295' title='bbox 970 3765 1086 3814; x_wconf 89' lang='lat' dir='ltr'>securius</span> <span class='ocrx_word' id='word_1_296' title='bbox 1097 3767 1236 3815; x_wconf 80' lang='lat' dir='ltr'>Rhenanus</span> 
     </span>
    </p>
   </div>
   <div class='ocr_carea' id='block_1_5' title="bbox 726 3856 771 3906">
    <p class='ocr_par' dir='ltr' id='par_1_11' title="bbox 726 3856 771 3906">
     <span class='ocr_line' id='line_1_37' title="bbox 726 3856 771 3906; baseline 0 -15"><span class='ocrx_word' id='word_1_297' title='bbox 726 3856 771 3906; x_wconf 85' lang='lat'>105</span> 
     </span>
    </p>
   </div>
   <div class='ocr_carea' id='block_1_6' title="bbox 0 0 1544 4350">
    <p class='ocr_par' dir='ltr' id='par_1_12' title="bbox 0 0 1544 4350">
     <span class='ocr_line' id='line_1_38' title="bbox 0 0 1544 4350; baseline 0 0"><span class='ocrx_word' id='word_1_298' title='bbox 0 0 1544 4350; x_wconf 95' lang='lat' dir='ltr'> </span> 
     </span>
    </p>
   </div>
  </div>
 </body>
</html>
