3050 4350
656 339 786 396 LIBER
807 339 840 398 11

247 520 316 559 curn
330 499 586 561 abundantissima
599 521 695 560 rerum
711 501 846 562 omnium
858 501 952 580 copia,
966 502 1104 563 exercitui
1116 503 1250 565 Caesari«

247 617 306 674 que
320 617 352 658 se
366 596 468 658 iunxit.

287 696 358 754 Non
379 705 513 772 tempero
534 694 607 754 mihi
628 694 701 772 quin
722 706 821 755 tantae
842 716 939 756 rerum
960 697 1157 774 magnitudini
1177 699 1313 771 hoc,107

246 794 465 870 qualecumque
479 804 531 866 est,
547 791 682 853 inseram.
726 813 795 853 cum
810 793 975 854 citeriorem
992 794 1086 871 ripam
1103 794 1246 872 praedicti

218 888 377 952 afluminis
402 889 503 950 castris
528 909 757 967 occupassemus
781 902 812 950 et
835 890 955 951 ulterior
978 903 1091 951 armata
1115 891 1245 952 hostiurn

247 986 356 1047 uirtute
368 988 499 1064 fulgeret,
516 988 572 1048 sub
589 1007 710 1048 omnem
730 998 845 1048 motum
865 991 1061 1067 undecimque
1079 999 1245 1049 nostrarum

247 1083 369 1143 nauium
384 1084 518 1161 protinus
532 1083 747 1161 refugientium,
760 1105 837 1144 unus
852 1105 870 1144 e
883 1085 1014 1145 barbaris
1028 1096 1124 1146 aetate
1138 1085 1244 1158 senior,

247 1201 371 1257 corpore
397 1182 553 1254 excellens,
582 1180 733 1258 dignitate,
762 1191 907 1258 quantum
935 1183 1112 1242 ostendebat
1139 1184 1244 1256 cultus,

247 1277 390 1351 eminens,
412 1289 559 1351 comatum,
581 1289 613 1337 ut
634 1277 690 1338 illis
712 1297 777 1338 mos
799 1289 851 1351 est,
872 1299 908 1338 ex
929 1277 1051 1338 materia
1072 1278 1246 1339 conscendit

203 1377 366 1435 roalueum
391 1377 532 1452 solusque
555 1374 587 1435 id
614 1373 713 1452 nauigi
740 1394 834 1451 genus
858 1386 1025 1452 temperans
1049 1378 1088 1436 ad
1113 1375 1245 1435 medium

248 1471 390 1549 processit
404 1471 535 1532 fluminis
549 1483 578 1531 et
592 1471 684 1548 petiit,
700 1471 800 1532 liceret
815 1471 872 1532 sibi
889 1472 952 1532 sine
971 1472 1102 1550 periculo
1119 1472 1149 1531 in
1169 1493 1244 1546 eam,

248 1589 338 1646 quam
355 1569 443 1629 armis
465 1569 648 1642 tenebamus
664 1567 763 1646 egredi
784 1568 877 1646 ripam
898 1589 934 1628 ac
955 1568 1056 1629 uidere
1078 1570 1243 1630 Caesarem.

248 1668 318 1726 data
344 1665 457 1743 petenti
484 1667 615 1725 facultas.
659 1677 722 1725 tum
750 1668 876 1742 appulso
900 1666 986 1726 lintre
1010 1677 1040 1726 et
1064 1665 1115 1726 diu
1140 1665 1272 1725 tacitusa

249 1766 466 1841 contemplatus
486 1766 652 1836 Caesarem,
671 1774 771 1823 nostra
787 1762 918 1841 quidem,
936 1762 1040 1840 inquit,
1059 1762 1127 1823 furit
1145 1763 1247 1823 iuuen-

206 1879 235 1930 15
249 1872 304 1934 tus,
320 1881 398 1938 quae
413 1881 480 1920 cum
495 1871 626 1920 uestrum
641 1881 752 1920 numen
766 1859 935 1920 absentium
949 1863 1035 1933 colat,
1047 1860 1247 1937 praesentium

248 1958 347 2035 potius
361 1978 442 2018 arma
456 1957 561 2017 metuit
575 1977 665 2034 quam
680 1956 812 2034 sequitur
825 1959 923 2017 fidem.
963 1959 1016 2018 sed
1031 1977 1086 2034 ego
1100 1957 1247 2018 beneficio

249 2068 278 2115 et
300 2055 445 2132 permissu
467 2065 528 2127 tuo,
552 2056 668 2128 Caesar,
691 2074 767 2132 quos
787 2065 857 2114 ante
878 2053 1046 2127 audiebam,
1070 2054 1160 2114 hodie
1184 2054 1247 2115 uidi

247 2155 331 2226 deos
347 2172 404 2212 nec
418 2150 578 2211 feliciorem
597 2153 691 2211 ullum
710 2151 789 2211 uitae
808 2171 893 2211 meae
911 2161 962 2210 aut
981 2150 1082 2228 optaui
1101 2162 1151 2210 aut
1168 2151 1247 2210 sensi

249 2250 338 2310 diem.
394 2248 611 2325 impetratoque
635 2259 668 2307 ut
696 2269 818 2308 manum
841 2247 1031 2324 contingeret,
1055 2268 1188 2307 reuersus
1216 2248 1247 2307 in

206 2367 238 2402 πο
250 2347 427 2419 nauiculam,
457 2343 520 2405 sine
548 2346 607 2405 fine
635 2356 804 2422 respectans
832 2346 990 2407 Caesarem
1018 2344 1097 2421 ripae
1126 2365 1246 2404 suorum

117 2462 121 2468 ·
163 2519 165 2524 Ι
250 2445 391 2520 appulsus
416 2452 468 2502 est.
511 2441 607 2502 uictor
631 2441 765 2502 omnium
787 2441 920 2519 gentium
942 2443 1144 2518 locorumque,
1170 2461 1275 2518 quos3

250 2540 361 2602 adierat
375 2542 492 2612 Caesar,
509 2559 577 2598 cum
592 2538 735 2599 incolumi
749 2538 952 2617 inuiolatoque
967 2550 996 2598 et
1013 2539 1105 2598 semel
1122 2548 1248 2598 tantum-

251 2641 342 2698 modo
365 2656 473 2713 magna
497 2656 565 2695 cum
588 2638 673 2697 clade
698 2636 828 2696 hostium
851 2638 953 2696 fraude
978 2656 1080 2696 eorum
1104 2646 1248 2712 temptato

286 2809 297 2841 1
316 2793 485 2855 Caesarisque
495 2791 521 2839 A
633 2809 649 2854 3
667 2793 738 2841 Nont
753 2791 805 2855 del,
819 2791 873 2840 deor
890 2800 1010 2855 suprascr.
1026 2793 1084 2841 Non
1096 2792 1122 2840 A
1233 2807 1248 2853 5

251 2859 372 2908 ulteriora
383 2856 410 2904 A
510 2859 526 2905 6
543 2858 676 2906 iuuentute
688 2857 714 2906 P
776 2865 871 2919 motuq.
885 2859 911 2919 qi
925 2858 960 2920 (qi
972 2858 1101 2921 pallidrbre
1112 2864 1250 2906 atramento

252 2932 280 2973 ut
289 2933 367 2987 paene
380 2922 485 2970 deletum
502 2923 624 2984 ut'cicatur)
636 2924 680 2972 A:
704 2930 850 2984 metumque
867 2922 956 2984 Burer,
971 2924 1014 2972 sed
1028 2923 1157 2971 adnotauit
1172 2923 1251 2970 ‘inter
1296 2979 1297 2982 Ἰ

252 3006 351 3038 omnem
368 2995 515 3049 motumque
526 2988 645 3050 quiddam
657 2989 733 3038 deesse
747 2989 874 3036 ardetur':
899 2997 995 3036 motum
1005 2988 1043 3038 P:
1069 2989 1248 3048 cuiuscumque

251 3055 385 3103 Haustus:
402 3054 450 3102 sub
466 3060 555 3101 nutum
570 3061 716 3115 motumque
731 3053 837 3102 Walter:
862 3053 909 3102 sub
927 3070 951 3103 o.
965 3061 1084 3102 conatum
1101 3061 1248 3115 motumque

252 3121 349 3168 Iacobs:
374 3120 422 3167 sub
442 3135 466 3168 o.
484 3125 580 3166 motum
597 3127 766 3180 conatumque
783 3119 882 3167 Halm:
907 3120 1086 3180 undecumque
1108 3119 1198 3180 scn'psi,
1217 3122 1246 3177 cs.

252 3186 310 3235 San.
328 3185 357 3232 de
376 3185 420 3233 Vir.
440 3185 508 3231 beata
525 3200 556 3245 27
574 3186 644 3246 rupis
661 3201 737 3246 quam
754 3186 845 3233 fluctus
862 3200 913 3232 non
930 3185 1056 3244 desinunt,
1073 3185 1249 3244 undecumque

253 3251 312 3299 moti
320 3257 387 3312 sunt,
399 3250 536 3298 uerberare
582 3250 724 3311 qauiumA
773 3265 803 3297 10
815 3249 909 3311 nauigii
918 3249 972 3296 ΑΡ
1015 3265 1044 3296 12
1057 3247 1249 3297 tenebamusP:

253 3317 419 3365 tendebamus
435 3314 486 3361 BA
572 3331 601 3376 13
619 3317 678 3363 data
690 3314 740 3362 BA
752 3332 758 3362 ε
776 3317 836 3362 data
846 3332 861 3362 a
871 3315 982 3363 Caesare
993 3314 1024 3374 P,
1039 3315 1109 3362 ‘Hoc
1119 3329 1134 3362 a
1145 3315 1249 3363 Caesare

253 3384 277 3430 in
286 3387 379 3430 uetusto
385 3379 434 3429 cod.
446 3396 496 3428 non
505 3382 626 3443 maor,
637 3380 701 3429 unda
712 3381 777 3428 unde
784 3381 822 3428 hic
829 3378 991 3442 rinmrgran't'
1000 3378 1083 3427 Burer
1131 3380 1190 3440 adp.
1198 3379 1252 3426 ΑΡ

253 3453 274 3495 er
288 3449 322 3494 sic
337 3462 367 3494 ar
467 3446 607 3507 lynthreA
708 3453 734 3494 et
751 3461 800 3495 om.
822 3444 977 3492 Vascosanus
1119 3459 1148 3506 17
1167 3446 1248 3494 etA:

254 3528 282 3560 ac
297 3511 333 3560 ΡΙ
407 3511 441 3558 ho
459 3511 633 3559 tantummodo
649 3510 698 3572 legi
712 3511 737 3558 in
758 3510 783 3557 A
805 3511 881 3558 ceterz's
897 3510 980 3558 litteus
994 3511 1069 3557 erasis
1087 3510 1128 3556 uel
1140 3511 1250 3558 abscisas

253 3579 278 3626 in
289 3579 343 3640 fine
355 3592 443 3626 uermes
555 3578 585 3623 18
600 3577 629 3624 ill
649 3576 727 3623 ullum
740 3576 789 3637 A(
810 3575 833 3639 ¹)
943 3590 974 3637 19
991 3575 1088 3636 impetr.
1102 3575 1142 3625 P:
1159 3576 1248 3637 imper.

728 3821 773 3874 117
