3050 4350
672 364 801 424 LIBER
822 364 855 424 II

266 533 415 610 equitibus
429 533 461 592 in
475 535 590 594 theatro
606 535 673 594 loca
691 531 823 593 restituit.
866 543 897 591 at
912 532 967 592 Cn.
984 529 1145 607 Pompeius
1164 527 1293 596 multis4

257 643 295 692 'et
309 629 464 708 praeclaris
479 630 548 691 uiris
562 630 593 690 in
608 630 639 690 id
650 631 762 690 bellum
776 628 942 705 adsumptis
953 627 1154 705 discriptoque
1168 646 1264 703 paene

265 729 296 788 in
321 728 419 788 omnis
446 749 579 788 recessus
604 727 864 804 marispraesidio
889 725 1020 799 nauium,
1043 724 1127 785 breui
1151 724 1265 784 inexsu-

265 824 389 902 perabili
409 846 499 885 manu
522 837 663 885 terrarum
684 825 788 885 orbem
810 823 946 883 liberauit
965 825 1191 900 praedonesque
1212 842 1262 899 per

237 948 251 996 5
265 925 359 982 multa
376 943 412 983 ac
426 923 526 983 multis
546 923 618 983 locis
638 922 733 982 uictos
750 921 828 982 circa
843 921 979 982 Ciliciam
998 923 1091 981 classe
1108 921 1264 996 adgressus

264 1020 341 1080 ludit
354 1040 390 1079 ac
404 1019 535 1097 fugauit3
555 1031 584 1079 et
599 1039 659 1097 quo
679 1018 821 1079 maturius
838 1019 950 1078 bellum
970 1030 1031 1078 tam
1050 1021 1109 1077 late
1123 1017 1264 1078 diffusum
1278 1041 1291 1089 5

265 1119 432 1191 conficeret,
448 1117 585 1195 reliquias
600 1137 703 1178 eorum
718 1128 883 1176 contractas
900 1115 932 1176 in
951 1115 1074 1176 urbibus
1089 1127 1264 1192 remotoque

265 1215 338 1275 mari
357 1217 424 1276 loco
440 1212 460 1296 [
483 1212 495 1296 ]
511 1226 591 1275 certa
609 1216 680 1274 sede
698 1213 858 1275 constituit.
902 1225 971 1274 sunt
985 1213 1037 1290 qui
1056 1215 1114 1273 hoc
1132 1224 1263 1290 carpant,

264 1314 318 1373 sed
342 1332 523 1389 quamquam
551 1311 583 1372 in
606 1323 727 1372 auctore
751 1311 821 1372 satis
843 1311 964 1371 rationis
988 1322 1041 1384 est,
1065 1322 1165 1370 tamen
1190 1310 1264 1371 ratio

221 1440 252 1474 ro
265 1409 428 1486 quemlibet
449 1421 590 1486 magnum
611 1420 762 1469 auctorem
783 1411 892 1469 faceret
901 1431 911 1484 3
932 1410 1002 1468 data
1024 1407 1104 1468 enim
1125 1409 1264 1468 facultate

265 1506 328 1567 sine
343 1518 427 1584 rapto
441 1506 565 1567 uiuendi
579 1506 688 1583 rapinis
703 1505 803 1566 arcuit.

305 1605 384 1666 Cum
405 1615 482 1663 esset
502 1603 535 1663 in
555 1605 615 1662 fine
636 1603 748 1663 bellum
769 1602 925 1681 piraticum
947 1615 976 1663 et
996 1605 1028 1662 L.
1046 1605 1196 1676 Lucullus,
1212 1602 1264 1680 qui
1276 1626 1315 1684 33

264 1712 333 1761 ante
354 1713 469 1777 septem
488 1721 583 1760 annos
605 1721 640 1760 ex
661 1702 817 1761 consulatu
839 1700 958 1760 sortitus
972 1700 1075 1760 Asiam
1098 1699 1265 1760 Mithridati

265 1799 418 1876 oppositus
438 1810 499 1858 erat
520 1818 702 1876 magnasque
723 1810 753 1859 et
774 1797 975 1859 memorabilis
996 1818 1042 1858 res
1063 1797 1105 1858 ibi
1125 1809 1262 1875 gesserat,

221 1924 250 1972 ¹5
266 1895 460 1956 Mithridaten
488 1916 577 1972 saepe
605 1895 705 1956 multis
733 1895 806 1956 locis
831 1898 955 1968 fuderat,
984 1895 1100 1973 egregia
1123 1895 1263 1972 Cyzicum

264 1994 400 2054 liberarat
421 1991 552 2066 uictoria,
575 1992 733 2069 Tigranen,
755 2013 857 2070 regum
879 1991 1049 2066 maximum,
1069 1992 1101 2051 in
1122 1991 1265 2052 Armenia

264 2091 374 2151 uicerat
405 2089 599 2166 ultimamque
627 2090 707 2150 bello
735 2110 858 2150 manum
885 2110 980 2166 paene
1008 2089 1101 2167 magis
1129 2093 1264 2150 noluerat

264 2189 417 2264 imponere
432 2207 522 2263 quam
536 2207 598 2247 non
617 2199 762 2263 potuerat,
777 2187 829 2264 qui
848 2186 960 2264 alioqui
978 2207 1031 2263 per
1045 2187 1146 2247 omnia
1164 2188 1264 2246 lauda-

264 2285 331 2346 bilis
346 2297 375 2345 et
389 2285 468 2344 bello
482 2304 578 2362 paene
591 2283 720 2344 inuictus
734 2285 879 2361 pecuniae
895 2284 1098 2362 pelliciebatur
1112 2284 1261 2361 cupidine,

220 2412 252 2446 πο
264 2383 344 2442 idem
369 2382 481 2441 bellum
505 2383 604 2441 adhuc
628 2381 854 2456 administraret,
878 2381 1020 2442 Manilius
1048 2381 1183 2441 tribunus
1211 2384 1262 2458 pl.,

264 2500 380 2556 semper
394 2478 507 2539 uenalis
522 2490 551 2538 et
569 2478 683 2539 alienae
702 2478 835 2538 minister
851 2479 1010 2556 potentiae,
1027 2481 1122 2555 legem
1140 2478 1214 2552 tulit,
1229 2491 1263 2540 ut

298 2639 413 2700 1aequit.
437 2639 463 2686 A
578 2640 635 2688 loco
663 2640 720 2703 del,
748 2639 803 2688 dein
829 2647 949 2702 suprascr.
978 2639 1035 2687 loca
1057 2638 1083 2685 A
1194 2621 1263 2687 mitis

264 2704 316 2763 del,
336 2704 390 2752 dein
401 2713 520 2768 suprascr.
541 2705 626 2753 multis
643 2705 669 2752 A
754 2721 770 2753 a
787 2705 848 2753 uiris
865 2705 908 2762 bis,
926 2705 1000 2752 altero
1016 2705 1090 2752 deleto
1106 2703 1132 2750 A
1212 2705 1263 2752 dis-

263 2769 346 2830 cripto
356 2786 423 2831 quae
434 2770 460 2818 A
472 2787 478 2820 :
496 2771 678 2832 descriptoque
689 2770 716 2818 P
812 2769 1007 2832 paeneHaase:
1025 2785 1074 2819 nae
1086 2786 1119 2818 ue
1131 2768 1165 2830 A,
1179 2786 1229 2819 om.
1238 2769 1266 2816 P
1294 2785 1296 2789 ·

263 2850 278 2894 3
297 2835 409 2895 presidio
429 2834 455 2881 A
533 2837 636 2898 inexup.
655 2835 681 2883 P
798 2837 898 2896 4malo
917 2835 993 2883 Herel
1114 2851 1161 2898 per
1184 2834 1262 2883 multa

263 2917 278 2948 a
295 2901 382 2949 multis
399 2899 467 2949 AP:
490 2901 568 2949 ‘alias
585 2917 615 2950 ac
631 2899 730 2950 multis'
744 2901 826 2949 Burer
936 2900 1043 2960 5uictis
1058 2900 1084 2947 A
1152 2900 1261 2948 Cilitiam

262 2965 288 3011 A
372 2969 389 3014 6
405 2982 456 3027 quo
467 2965 506 3015 P:
523 2968 590 3027 quod
606 2968 632 3014 A
715 2968 731 3015 8
747 2984 763 3015 a
775 2967 837 3015 mari
851 2966 962 3014 Gelenius
1021 2967 1048 3014 in
1059 2965 1189 3014 delendum
1199 2971 1262 3028 puto

262 3047 279 3091 9
295 3032 341 3078 sed
353 3047 410 3080 cum
428 3033 454 3079 in
470 3039 574 3080 auctore
590 3033 652 3080 satis
666 3033 730 3081 ratio
748 3038 787 3080 est
806 3041 860 3081 tum
878 3032 943 3081 ratio
957 3031 1027 3080 Cobet
1092 3035 1119 3078 tr'r
1137 3031 1189 3092 del,
1207 3030 1261 3078 dein

262 3104 381 3158 suprascr.
406 3104 434 3146 tr’r
455 3097 500 3145 A:
529 3105 583 3146 turn
605 3096 631 3144 P
772 3114 799 3146 11
819 3097 903 3158 arguit
924 3097 950 3144 A
1096 3095 1181 3158 raet]
1206 3112 1262 3145 curn

264 3178 355 3228 etAP
476 3195 506 3240 13
523 3196 556 3228 ex
574 3180 650 3229 COS.
666 3179 705 3227 P:
729 3196 762 3228 ex
779 3173 855 3229 C’O'S‘.
873 3178 917 3228 A:
935 3194 968 3227 ex
985 3178 1118 3227 consulatu
1134 3177 1210 3226 Voss:
1228 3194 1262 3226 ex

264 3245 368 3292 consule
384 3243 504 3292 Heinsius
590 3261 619 3306 14
636 3253 662 3293 et
679 3244 724 3294 A:
752 3261 782 3294 ae
798 3244 825 3292 P
887 3245 1064 3292 memorabiles
1080 3243 1133 3291 ΑΡ
1232 3258 1261 3305 15

264 3309 429 3358 Mithridaten
441 3310 483 3358 P:
501 3309 674 3359 Mithridatem
691 3310 716 3357 A
822 3311 949 3372 egregiaq.
968 3309 1022 3371 del,
1040 3309 1095 3357 dein
1112 3309 1217 3370 egregia
1233 3309 1260 3355 A

266 3377 296 3423 16
311 3375 440 3436 Tigranen
455 3374 497 3424 P:
520 3376 678 3437 Tigrannem
694 3375 720 3421 A
799 3391 887 3436 regem
907 3376 981 3423 Kn'ts
1103 3390 1131 3436 17
1149 3389 1216 3435 pene
1234 3374 1260 3420 A

266 3442 295 3489 18
312 3457 376 3488 num
392 3441 504 3502 quiquer
606 3456 636 3501 19
652 3440 794 3503 pellebatur
809 3440 853 3490 A:
876 3440 1053 3501 expellebatur
1069 3438 1108 3488 P:
1133 3443 1183 3489 ‘sc.
1202 3439 1261 3487 belli

263 3505 499 3554 administratione'
516 3505 651 3568 Wopkens:
679 3506 845 3568 pellicebatur
864 3505 1012 3552 Warlrurron
1029 3505 1105 3553 nescio
1122 3521 1169 3568 quo
1185 3521 1262 3552 errore

259 3581 307 3634 pro
329 3571 511 3632 pelliciebatur,
532 3571 599 3634 quod
619 3580 698 3634 nuper
717 3572 777 3620 coni.
797 3571 921 3632 Madm'g:
951 3571 1113 3631 polluebatur
1134 3571 1261 3632 Bernays:

263 3637 399 3685 tenebatur
415 3636 515 3684 Senner
618 3653 650 3686 ao
668 3637 772 3686 Manibu
789 3637 844 3700 del,
861 3635 916 3684 dein
934 3635 1055 3684 Manilius
1067 3635 1094 3682 A
1169 3651 1199 3684 ar
1217 3637 1263 3684 iru-

263 3703 394 3765 potentiae
409 3701 558 3751 Warbunon

733 3877 761 3929 ⁵1
815 3871 817 3877 ⁴
1101 3849 1136 3912 4*
