3050 4350
599 335 755 393 VELLEI
777 334 1017 395 PATERCVLI

310 503 419 563 habere
434 521 524 579 quarn
538 500 704 561 Antonium
718 499 891 588 principem,
907 511 1022 561 tantum
1039 501 1185 564 retulisset
1198 504 1308 564 habere

282 605 435 672 3Bnrtum
462 620 552 677 quam
581 598 726 662 Cassium.
770 600 825 661 Cn.
850 598 1008 673 Domitius,
1030 611 1113 676 pater
1138 603 1170 660 L.
1193 601 1308 662 Domiti

308 719 403 776 nuper
423 719 442 758 a
462 697 549 758 nobis
566 697 630 771 uisi,
651 696 901 757 eminentissimae
922 717 958 757 ac
976 696 1178 758 nobilissimae
1199 698 1308 776 simpli-

309 795 403 857 citatis
440 794 503 867 uiri,
531 815 605 854 auus
638 793 725 854 huius
757 795 812 856 Cn.
844 793 966 867 Domiti,
998 793 1150 855 clarissimi
1180 794 1305 869 iuuenis,

308 892 460 972 occupatis
492 891 618 951 nauibus
653 912 722 951 cum
750 911 859 968 magno
887 890 1074 968 sequentium
1102 891 1226 953 consilia
1252 907 1332 955 sua5

308 989 450 1051 comitatu
472 992 558 1066 fugae
582 990 777 1065 fortunaeque
799 1009 830 1048 se
855 988 1011 1062 commisit,
1034 1001 1129 1050 semet
1149 989 1215 1067 ipso
1236 1011 1305 1052 con-

279 1116 295 1163 4
308 1100 406 1149 tentus
421 1091 498 1149 duce
512 1086 646 1164 partium.
677 1086 785 1147 Statius
798 1089 929 1160 Murcus,
942 1087 994 1164 qui
1008 1087 1094 1148 classi
1108 1099 1137 1148 et
1152 1089 1304 1150 custodiae

308 1185 395 1245 maris
414 1187 586 1262 praefuerat,
602 1204 671 1244 cum
693 1183 776 1244 omni
799 1183 958 1244 commissa
979 1184 1035 1244 sibi
1057 1197 1139 1262 parte
1161 1185 1304 1246 exercitus

308 1281 489 1359 nauiumque
524 1283 588 1342 Sex.
619 1279 804 1358 Pompeium,
834 1282 889 1343 Cn.
923 1280 1027 1358 Magni
1059 1281 1160 1356 filiurn,
1190 1282 1242 1359 qui
1269 1303 1305 1343 ex

279 1379 456 1458 5Hispania
477 1391 626 1439 reuertens
649 1378 778 1438 Siciliam
799 1378 888 1439 armis
909 1391 1115 1455 occupauerat,
1131 1379 1222 1457 petiit.
1265 1383 1352 1456 adro

307 1498 396 1555 quem
419 1489 449 1538 et
471 1497 488 1537 e
511 1475 658 1537 Brutianis
681 1475 782 1536 castris
804 1488 834 1536 et
856 1497 892 1536 ex
913 1476 999 1536 Italia
1018 1476 1142 1554 aliisque
1163 1488 1304 1538 terrarum

307 1576 446 1654 partibus,
470 1595 545 1652 quos
567 1573 714 1652 praesenti
735 1573 867 1651 periculo
887 1577 1006 1634 fortuna
1029 1575 1216 1649 subduxerat,
1240 1597 1304 1653 pro-

307 1673 407 1750 scripti
435 1673 645 1733 confluebant:
685 1671 796 1749 quippe
830 1674 946 1731 nullum
980 1671 1159 1732 habentibus
1194 1685 1302 1734 statum

307 1769 431 1846 quilibet
459 1771 519 1830 dux
546 1781 608 1829 erat
635 1769 769 1842 idoneus
799 1789 867 1829 cum
892 1764 1010 1829 fortuna
1037 1790 1099 1830 non
1126 1769 1302 1830 electionem

307 1870 397 1940 daret,
433 1867 598 1944 perfugium
636 1869 813 1940 ostenderet,
849 1866 1055 1944 exitialemque
1096 1878 1302 1945 tempestatem
1319 1898 1347 1948 15

306 1964 485 2042 fugientibus
500 1964 587 2025 statio
600 1984 654 2041 pro
668 1977 755 2042 portu
769 1967 851 2025 foret.

256 2079 293 2139 73
348 2061 411 2122 Hic
444 2063 619 2122 adulescens
649 2073 710 2122 erat
738 2061 842 2122 studiis
870 2061 959 2136 rudis,
988 2083 1125 2123 sermone
1153 2063 1302 2137 barbarus,

306 2159 419 2237 impetu
457 2172 600 2233 strenuus,
636 2180 727 2219 manu
764 2171 926 2237 promptus,
961 2161 1089 2238 cogitatu
1123 2164 1207 2235 celer,
1245 2164 1305 2223 lide

305 2257 381 2335 patri
394 2255 615 2329 dissimillimus,
631 2255 803 2316 libertorum
818 2277 939 2317 suorum
956 2257 1077 2318 libertus
1091 2279 1303 2337 seruorumque

279 2375 415 2429 isarnus,
445 2354 585 2432 speciosis
612 2353 759 2428 inuidens
789 2366 821 2414 ut
847 2367 962 2432 pareret
988 2355 1178 2417 humillimis:
1213 2377 1302 2434 quem
1318 2378 1349 2413 20

305 2464 424 2513 senatus
438 2473 533 2531 paene
548 2464 626 2513 totus
640 2454 739 2513 adhuc
758 2473 775 2513 e
797 2452 987 2530 Pompeianis
1010 2466 1149 2515 constans
1171 2455 1303 2532 partibus

304 2561 372 2627 post
386 2549 500 2610 Antoni
513 2571 532 2610 a
546 2539 665 2609 Mutina
678 2552 778 2626 fugam
793 2552 900 2611 eodem
915 2549 966 2611 illo
980 2562 1121 2628 ternpore,
1134 2572 1195 2629 quo
1210 2555 1303 2613 Bruto

305 2647 469 2724 Cassioque
483 2646 690 2707 transmarinas
704 2645 872 2723 prouincias
887 2649 1065 2721 decreuerat,
1080 2660 1253 2709 reuocatum
1267 2670 1303 2710 ex

306 2743 461 2820 Hispania,
491 2741 543 2803 ubi
570 2745 712 2803 aduersus
740 2763 809 2802 eum
838 2743 1031 2804 clarissimum
1060 2745 1172 2806 bellum
1206 2745 1303 2807 Pollio

304 2841 424 2901 Asinius
447 2839 608 2918 praetorius
633 2851 769 2917 gesserat,
793 2840 824 2900 in
844 2852 967 2918 paterna
988 2843 1068 2903 bona
1088 2842 1252 2904 restituerat
1273 2855 1303 2904 et
1317 2869 1346 2920 ²5

275 2957 372 3004 ,torae
394 2937 557 2997 maritimae
577 2939 763 3014 praefecerat.
806 2937 831 2997 is
852 2949 924 3012 turn,
941 2950 973 2999 ut
994 2938 1200 3015 praediximus
1216 2958 1303 3000 occu-

303 3047 372 3113 pata
394 3035 493 3096 Sicilia
515 3035 633 3096 seruitia
654 3035 853 3113 fugitiuosque
872 3035 903 3095 in
922 3057 1079 3097 numerum
1094 3036 1237 3097 exercitus
1256 3037 1303 3116 spi

338 3206 350 3238 1
369 3191 427 3239 relit
438 3190 491 3253 det,
504 3190 558 3238 dn'n
570 3190 699 3239 retulisset
715 3188 742 3236 A
863 3204 879 3236 a
888 3195 910 3236 el
920 3206 936 3249 4
948 3189 1042 3236 Domiti
1053 3188 1108 3236 AP
1220 3207 1236 3252 3
1253 3193 1301 3239 uisi

303 3263 377 3318 super
396 3271 513 3303 rasuram
534 3255 561 3303 in
578 3256 605 3303 A
719 3271 733 3316 7
751 3255 847 3303 Statius
869 3255 988 3302 Vrsinus:
1007 3255 1094 3303 Status
1112 3255 1157 3302 A:
1175 3256 1260 3304 Staius
1278 3256 1304 3305 P

303 3336 390 3368 murus
402 3321 455 3383 det,
469 3321 524 3370 dein
536 3318 671 3368 murcusA
746 3322 762 3368 8
780 3326 882 3382 preerat
894 3319 947 3381 det,
963 3319 1016 3368 dein
1026 3320 1159 3381 plueratA
1228 3338 1300 3370 exer·

303 3386 369 3433 citus
388 3386 512 3436 Gelenius:
534 3386 648 3434 exercitu
664 3385 719 3433 ΑΡ
820 3401 836 3445 9
854 3385 906 3433 Sex
922 3385 948 3432 A
1041 3401 1071 3434 ro
1088 3386 1160 3447 petiit
1174 3387 1300 3436 Gelenius:

303 3451 367 3512 petit
380 3450 435 3497 ΑΡ
504 3452 536 3500 ad
547 3467 624 3513 quern
636 3450 739 3499 eteP:
762 3451 846 3512 adque
864 3451 969 3498 meTe
984 3449 1025 3500 B:
1049 3458 1126 3512 atque
1144 3468 1185 3500 me
1201 3452 1224 3499 T
1240 3469 1255 3500 e
1271 3453 1298 3500 A

305 3530 334 3576 13
351 3515 437 3564 statim
454 3517 555 3578 Lipsius
577 3517 622 3564 uzu
637 3516 798 3578 probabiliter,
818 3517 847 3577 cs.
866 3515 954 3564 Novak
960 3524 987 3578 p.
1002 3532 1033 3578 97
1143 3533 1172 3576 17
1191 3519 1261 3566 rudis
1278 3519 1301 3566 is

302 3582 456 3630 sermoneA
475 3581 545 3629 Num
553 3581 579 3629 in
587 3584 721 3631 sermone?
790 3583 820 3629 18
836 3581 1009 3630 strennuusA
1056 3582 1167 3642 cogitatu
1179 3581 1299 3646 Schffr:

303 3647 431 3708 cogitatur
447 3646 512 3698 AP:
548 3647 701 3708 cogitatione
723 3647 879 3695 Rhenanus:
910 3648 1048 3707 cogitando
1069 3647 1152 3694 Halm
1267 3665 1300 3696 ao

304 3713 439 3762 bumilimis
451 3712 476 3759 A
577 3727 609 3759 aa
626 3713 724 3761 antonii
735 3712 760 3759 A
775 3713 896 3760 mutinam
907 3712 939 3775 B,
952 3728 997 3761 em.
1011 3714 1107 3762 Burcr:
1127 3713 1299 3762 Antonianam

303 3778 358 3827 AP
453 3779 487 3825 26
504 3777 578 3824 istum
589 3776 644 3825 ΑΡ

787 3855 818 3904 88
