2810 4350
522 326 678 384 VELLEI
700 326 940 387 PATERCVLI

207 493 451 572 toppugnationi
474 505 574 554 autem
599 493 764 554 Praenestis
786 514 822 554 ac
845 493 923 554 Mari
949 496 1114 571 praefuerat
1138 495 1238 556 Ofella

237 591 399 665 Lucretius
410 591 462 670 qui
471 612 539 653 cum
548 603 617 652 ante
627 591 828 652 Marianarum
837 591 939 652 fuisset
948 592 1075 670 partium
1087 595 1235 670 ipraetor,

236 692 275 750 ad
300 692 412 750 Sullam
436 691 636 767 transfugerat
679 688 849 751 felicitatem
877 689 945 763 diei,
971 709 1032 767 quo
1057 689 1236 750 Samnitium

236 786 427 864 Telesinique
451 790 553 864 pulsus
576 799 620 848 est
642 787 794 861 exercitus,
818 789 900 847 Sulla
926 800 1069 865 perpetua
1096 790 1236 849 ludorum

236 885 412 944 circensium
426 884 584 945 honorauit
598 884 748 958 memoria,
761 869 813 964 oui
823 886 879 945 sub
890 885 953 946 eius
965 885 1086 946 nomine
1097 887 1237 946 Sullanae
1250 905 1265 954 5

236 983 386 1043 Victoriae
400 984 592 1044 celebrantur.

183 1096 223 1154 28
277 1084 371 1141 Paulo
384 1092 454 1142 ante
468 1101 558 1158 quam
573 1083 654 1141 Sulla
669 1083 709 1141 ad
728 1080 927 1158 Sacriportum
948 1080 1109 1154 dimicaret,
1126 1080 1237 1158 magni-

237 1178 300 1239 ficis
314 1179 432 1256 proeliis
451 1179 578 1256 partium
597 1179 660 1239 eius
679 1177 734 1239 uiri
752 1179 883 1239 hostium
906 1179 1066 1240 exercitum
1088 1181 1235 1253 fuderant,

238 1278 299 1336 duo
314 1275 429 1336 Seruilii
447 1278 529 1353 apud
544 1275 687 1349 Clusium,
705 1277 845 1336 Metellus
865 1276 935 1336 Pius
952 1279 1034 1353 apud
1049 1275 1233 1350 Fauentiam,

210 1399 221 1432 r
238 1376 280 1434 M.
298 1376 440 1434 Lucullus
454 1373 531 1434 circa
545 1372 721 1434 Fidentiam.
764 1373 942 1434 uidebantur
959 1373 1042 1433 finita
1055 1373 1125 1434 belli
1139 1372 1236 1434 ciuilis
1252 1396 1285 1430 10

238 1473 408 1544 malacum
429 1473 528 1531 Sullae
552 1470 724 1532 crudelitate
747 1482 836 1531 aucta
857 1482 933 1531 sunt.
977 1469 1088 1549 quippe
1109 1471 1236 1531 dictator

237 1579 351 1628 creatus
367 1567 463 1648 (cuius
483 1567 604 1629 honoris
625 1567 776 1645 usurpatio
794 1587 847 1645 per
860 1589 955 1629 annos
970 1587 1034 1628 cxx
1049 1568 1236 1643 intermissa3

237 1686 307 1725 nam
329 1665 480 1742 proximus
504 1676 572 1743 post
599 1686 711 1725 annum
736 1686 827 1743 quam
852 1666 1007 1726 Hannibal
1030 1665 1116 1726 Italia
1138 1686 1236 1727 exces-

237 1774 321 1836 serat,
334 1762 377 1823 uti
390 1774 529 1840 appareat
542 1765 687 1840 populum
700 1767 872 1824 Romanum
886 1784 974 1823 usum
988 1762 1139 1824 dictatoris
1153 1764 1236 1823 haud

239 1871 320 1920 metu
344 1860 527 1921 desiderasse
555 1860 606 1920 tali
630 1880 690 1938 quo
715 1860 861 1921 timuisset
884 1859 1075 1940 potestatem)
1100 1861 1234 1938 imperio,
1253 1885 1285 1936 15

237 1980 293 2036 quo
310 1958 422 2037 priores
438 1961 478 2019 ad
500 1958 711 2019 uindicandam
735 1957 869 2018 maximis
888 1958 1025 2035 periculis
1043 1958 1168 2036 patriam
1189 1958 1236 2018 usi

237 2068 328 2130 erant,
358 2077 394 2117 eo
422 2058 454 2116 in
482 2055 651 2117 inmodicae
680 2054 860 2116 crudelitatis
891 2055 1041 2116 licentiam
1075 2075 1146 2116 usus
1181 2067 1234 2116 est.

209 2155 349 2234 3primus
376 2154 433 2227 ille,
462 2165 492 2214 et
519 2153 632 2213 utinam
660 2153 799 2226 ultimus,
819 2155 987 2229 exemplum
1014 2151 1237 2230 proscriptionis

237 2252 360 2326 inuenit,
389 2264 422 2312 ut
449 2251 480 2311 in
508 2272 568 2330 qua
599 2250 719 2312 ciuitate
750 2250 909 2328 petulantis
941 2249 1060 2311 conuici
1091 2249 1236 2310 iudicium

273 2427 284 2458 1
304 2409 501 2472 oppugnationis
508 2406 563 2455 AP
604 2407 773 2472 praefueraB
837 2407 977 2457 AffellaB:
995 2406 1131 2456 AfellaA:
1149 2405 1237 2455 Asella

237 2475 278 2525 P:
292 2475 376 2524 Ofella
388 2491 476 2537 margo
487 2475 653 2523 Murdaeensis
664 2479 721 2521 teste
733 2474 815 2521 Burer
878 2471 1048 2533 aanteaA(
1067 2473 1092 2534 ⁰)
1143 2471 1236 2520 Maria·

238 2557 329 2590 narum
339 2540 377 2591 P:
404 2540 559 2592 marinarum
570 2539 621 2586 BA
710 2545 815 2601 praetor
825 2537 893 2588 AP:
919 2539 1034 2600 proditor
1049 2537 1127 2586 Voss:
1152 2538 1238 2586 fautor

238 2608 339 2656 Serfner
471 2605 548 2666 5qui
567 2606 614 2653 sub
637 2605 693 2654 eius
714 2604 768 2652 AB
788 2609 812 2652 et
833 2620 922 2668 margo
940 2602 980 2651 P:
1015 2603 1107 2665 quibus
1133 2603 1188 2651 eius
1212 2603 1240 2650 P

239 2673 362 2735 Syllanae
373 2672 399 2718 A
445 2671 490 2721 del.
501 2670 621 2719 Heinsius
630 2676 653 2719 et
663 2670 750 2718 Haase
814 2686 831 2732 9
847 2669 940 2719 Seruili
951 2675 1013 2730 aput
1026 2670 1064 2733 (·d
1076 2669 1109 2731 P)
1122 2668 1237 2717 Plusium

238 2737 292 2786 ΑΡ
356 2737 427 2800 Pius]
440 2735 534 2802 plusA
647 2751 677 2784 ιο
690 2736 832 2784 Fidentiam
843 2734 898 2783 AP
960 2735 1034 2783 bellis
1050 2734 1075 2782 A
1089 2735 1237 2783 sedserasa

241 2819 268 2851 11
288 2803 374 2853 Sullae
391 2803 430 2850 lu‘c
444 2801 470 2849 A
546 2801 722 2850 crudelitatem
738 2801 764 2848 A
832 2808 908 2850 aucta
923 2802 959 2849 tis
974 2800 1000 2847 A
1019 2799 1063 2848 sed
1077 2801 1152 2848 altero
1167 2815 1238 2848 eraso

240 2902 270 2935 12
287 2901 338 2934 cxx
356 2885 400 2935 A:
418 2878 476 2937 c-xi.
496 2883 523 2931 P
619 2899 649 2946 13
666 2883 712 2932 fuit
728 2887 787 2947 post
797 2898 852 2932 exc.
864 2883 920 2932 add.
936 2882 1040 2931 Cludrus
1129 2898 1159 2944 14
1176 2883 1236 2944 adp.

766 2946 879 2989 cotinuisse

238 3000 292 3050 AP
338 2999 419 3063 haud]
430 3008 474 3050 aut
481 3008 551 3049 metu
560 2999 691 3050 desideras
698 2999 761 3048 tulio
772 2999 889 3048 cotimuis
900 3014 929 3047 se
937 2997 1021 3061 (Tulio
1030 2999 1067 3047 Co
1077 2998 1193 3046 timuisse
1200 2995 1235 3061 P)

238 3074 393 3128 potestatem
402 3066 461 3127 AP,
474 3082 537 3128 quae
547 3065 652 3114 correxi:
676 3066 745 3114 haud
762 3065 798 3112 ita
815 3065 976 3113 desiderasse
994 3064 1032 3112 uti
1049 3064 1198 3112 extimuisse
1210 3078 1236 3124 p.

241 3133 339 3182 Gronov
362 3133 432 3183 Obss.
459 3132 485 3182 ii.
512 3147 561 3192 23:
588 3131 651 3179 haut
679 3132 714 3180 ita
739 3130 766 3178 in
790 3137 859 3177 metu
887 3129 1059 3188 desiderasse,
1079 3137 1108 3178 ut
1133 3131 1159 3177 in
1181 3129 1237 3177 otio

239 3199 352 3246 timuisse
363 3214 388 3260 p.
402 3197 534 3259 Ruhnken,
547 3201 570 3244 et
579 3197 614 3244 sie
622 3196 731 3261 Sauppe,
744 3194 789 3243 sed
802 3196 893 3243 omisso
909 3196 953 3244 in:
972 3204 1000 3243 ut
1014 3196 1041 3242 in
1055 3202 1123 3243 metu
1135 3195 1235 3243 deside·

239 3280 310 3313 rasse
327 3264 362 3312 ita
377 3265 403 3311 in
416 3265 469 3312 otio
480 3262 595 3313 timuisse
606 3278 632 3324 p.
643 3261 743 3309 Halm:
763 3269 791 3310 ut
806 3261 832 3308 in
848 3269 917 3309 metu
933 3261 1103 3321 desiderasse,
1118 3262 1154 3309 ita
1167 3260 1237 3307 nullo

239 3346 271 3378 eo
283 3330 399 3379 timuisse
411 3329 500 3378 Novak
583 3341 612 3388 15
629 3328 674 3375 tali
685 3343 737 3388 quo
750 3327 789 3375 uel
799 3342 829 3374 ac
840 3342 884 3390 ego
938 3327 1046 3387 imperio
1057 3341 1147 3387 prores
1159 3324 1236 3386 (proh

239 3411 279 3443 res
298 3395 333 3459 P)
351 3396 383 3444 ad
402 3394 581 3444 uindicandam
600 3394 682 3456 (dum
698 3392 734 3452 P)
751 3391 853 3440 maximi
872 3391 977 3454 periculi
997 3391 1078 3453 spolia
1096 3391 1237 3439 muslerant

238 3460 297 3522 AP,
319 3477 366 3510 em.
385 3461 497 3510 Gelenius
512 3464 536 3508 et
551 3459 683 3519 Ruhnken,
701 3457 746 3506 sed
763 3463 791 3505 ut
806 3473 885 3518 remp.
904 3473 934 3521 ex
951 3457 1046 3518 poliam
1062 3457 1173 3518 eIr'cerent,
1189 3464 1238 3520 pro

238 3541 287 3586 quo
306 3541 363 3573 cum
379 3526 492 3575 Sm'nem
511 3525 619 3589 patriam
639 3524 721 3573 malui
731 3541 737 3573 :
764 3524 797 3572 ad
815 3523 996 3571 uindicandum
1016 3538 1049 3571 m.
1070 3538 1094 3583 p.
1115 3521 1237 3583 populum

238 3607 262 3640 u.
283 3607 305 3640 e.
324 3592 435 3639 Lauren!
557 3605 586 3651 17
604 3606 635 3638 eo
651 3589 795 3638 inmodicae
813 3589 893 3649 (imm.
910 3587 945 3652 P)
963 3589 1034 3637 cnrd.
1056 3587 1159 3636 licentia
1175 3584 1235 3648 AP,

236 3672 284 3706 em.
304 3656 424 3706 Cludiusz
451 3671 483 3704 eo
505 3657 539 3704 ad
562 3656 578 3706 i.
603 3656 756 3704 Burmann:
776 3653 838 3716 son.
862 3654 888 3702 in
911 3670 942 3702 eo
964 3653 981 3704 i.
999 3669 1020 3704 c.
1042 3652 1146 3701 licentia
1168 3668 1192 3702 u.
1211 3666 1235 3702 e.

239 3723 372 3785 rssprostr.
386 3721 411 3768 A

718 3833 752 3898 46
