2810 4350
560 341 886 410 Paonuuomnnn
993 309 994 314 ‘

222 531 258 572 ex
272 514 330 572 hoc
349 532 411 572 uno
427 513 597 588 praelucere
617 509 743 570 maxime
762 511 853 570 fidem
875 511 1074 586 Amerhachii,
1090 511 1224 592 derogari

222 618 381 679 Rhenani:
416 617 466 676 hic
493 619 622 676 fucatam
652 627 831 676 uetustatem
861 615 1018 691 simulauit,
1044 618 1094 679 ille
1121 641 1223 680 ueram

219 723 459 801 repraesentauit.

263 833 345 890 Inter
370 828 596 906 orthographiae
617 831 753 906 exempla
775 831 850 888 haec
870 849 974 906 pono:
1004 839 1096 905 artus,
1122 840 1224 892 artare

220 935 329 1013 septies
344 935 476 996 Velleius
490 935 663 1013 usurpauit;
684 935 730 995 bis
741 946 857 994 tantum
867 935 1003 1013 sequiora
1012 938 1223 1015 orthographia

220 1045 249 1102 A
263 1050 376 1102 arctata
395 1041 423 1101 ii.
449 1064 484 1101 10
503 1044 563 1116 fin,
589 1043 758 1101 arctissimis
779 1041 796 1100 i.
824 1060 867 1117 17.
894 1062 922 1115 4,
942 1042 1100 1120 quinquies
1119 1064 1172 1120 per
1193 1053 1225 1104 rt

219 1150 316 1207 artati
332 1148 349 1208 i.
373 1152 416 1208 16.
441 1171 466 1222 2,
485 1148 513 1208 ii.
534 1152 580 1208 86.
606 1170 629 1222 1,
653 1156 783 1206 artatum
808 1147 825 1206 i.
853 1151 888 1206 16
908 1149 968 1221 fin,
989 1151 1168 1209 artrsst'mam
1190 1150 1218 1210 ii.

223 1275 287 1314 100.
304 1277 331 1329 4,
347 1264 413 1316 arto
426 1255 456 1315 ii.
469 1277 533 1329 124.
553 1277 577 1315 r.
622 1259 663 1315 At
680 1255 802 1315 ineunte
823 1275 899 1315 saec.
917 1255 965 1314 xvi
982 1257 1150 1333 sequiorem
1164 1260 1220 1318 for-

220 1382 363 1439 mamper
377 1371 422 1423 rct
430 1364 581 1423 malebant
594 1386 600 1422 ε
623 1362 762 1422 nimirum
774 1383 835 1422 non
847 1364 953 1422 horum
968 1363 1056 1422 futtili
1067 1363 1220 1424 doctrinae

218 1468 436 1529 Amerhachius
464 1468 690 1546 obtemperauit,
717 1469 771 1528 sed
803 1467 939 1528 codicem
971 1489 1058 1528 suum
1086 1491 1156 1537 uera
1183 1491 1220 1530 ac

217 1585 319 1635 uetera
333 1587 500 1635 seruantem
516 1586 634 1635 secutus
649 1586 701 1634 est.

258 1684 375 1740 uocaut't
385 1703 440 1759 pro
455 1684 574 1742 uacam'l
587 1681 642 1762 (sic
660 1691 739 1741 certe
760 1682 856 1757 legere
874 1680 946 1741 mihi
964 1681 1045 1742 uisus
1060 1681 1139 1762 sum)
1155 1687 1184 1742 A
1197 1682 1215 1742 i.

220 1805 314 1864 15.1‚·
335 1800 493 1866 potestque
507 1789 539 1848 id
557 1809 662 1848 uemm
682 1807 755 1860 esse,
774 1806 956 1863 quamquam
975 1787 1079 1848 ceteris
1094 1789 1125 1848 in
1144 1789 1217 1849 locis

215 1893 376 1954 Velleianis
390 1915 443 1972 per
456 1916 475 1954 a
490 1897 601 1955 elatum
616 1905 677 1954 est:
699 1892 830 1953 ostendit
845 1895 956 1954 Munro
967 1895 1006 1953 ad
1021 1897 1106 1954 Lucr.
1123 1893 1141 1955 i.
1159 1913 1217 1972 520

215 2020 316 2059 uocare
324 2000 498 2078 antiquioris
510 2021 574 2061 esse
585 1999 746 2072 latinitatis,
759 2020 862 2058 uacare
873 1999 997 2074 serioris,
1010 2021 1066 2061 nec
1077 2001 1134 2061 nisi
1148 2013 1217 2078 post

216 2105 381 2166 Domitiani
400 2118 527 2166 aetatem
541 2106 572 2166 in
588 2105 835 2182 Inscriptionibus
849 2106 1013 2183 prouenire.
1058 2110 1095 2166 In
1111 2107 1215 2168 Manil.

212 2211 231 2271 i.
252 2233 287 2290 13
303 2221 389 2271 uacat
402 2213 637 2286 Gemblacensis,
653 2220 737 2272 uocat
753 2211 858 2288 reliqui
878 2213 997 2273 codices
1012 2213 1124 2274 Iacobi.
1170 2218 1215 2274 Ex

213 2317 423 2379 Rrbueerana
444 2321 490 2379 ed.
513 2319 624 2396 uergat
648 2319 788 2395 intellego
810 2321 846 2378 u.
869 2319 908 2378 nr.
938 2338 996 2399 477
1023 2322 1154 2380 taranta
1176 2323 1213 2393 a,
1242 2301 1245 2312 '

213 2427 342 2484 uocantis
357 2428 416 2484 MP
434 2426 553 2498 habere,
570 2437 601 2484 at
615 2425 735 2502 reliquis
753 2436 892 2502 quattuor
906 2426 979 2486 locis
997 2447 1107 2501 uacare,
1124 2436 1211 2501 uacet,

212 2539 300 2589 uacat
321 2530 392 2611 (bis)
417 2535 451 2591 M
474 2543 644 2592 constanter
656 2554 664 2606 3
699 2544 731 2592 ut
759 2532 885 2592 dubium
908 2533 1089 2610 relinquatur
1113 2533 1215 2595 Tiberi

211 2648 308 2696 aetate
329 2659 401 2697 num
423 2640 522 2699 adhuc
544 2659 561 2698 o
582 2639 613 2698 in
636 2639 791 2699 codicibus
812 2641 897 2700 MSS.
920 2640 977 2699 nisi
1000 2661 1061 2700 uno
1082 2643 1214 2702 alteroue

210 2743 374 2821 proueniat.
399 2744 426 2803 ii.
444 2748 487 2804 18.
501 2767 515 2804 2
533 2747 666 2804 interemi
678 2744 796 2825 (infin),
814 2744 841 2804 ii.
855 2750 900 2823 58.
916 2768 930 2805 2
944 2749 1166 2807 interemendum
1176 2751 1212 2820 A,

210 2860 314 2908 contra
338 2870 452 2909 morem
477 2871 552 2910 saec.
579 2850 633 2909 xvi
686 2853 752 2910 Iam
776 2859 914 2928 temptare
937 2852 1036 2912 decies
1060 2853 1214 2930 usurpauit

192 2955 357 3042 'Velleius3
378 2967 407 3015 et
429 2955 471 3015 sic
492 2955 600 3033 septies
621 2977 674 3033 per
696 2964 757 3032 mpt
776 2956 918 3032 scriptum
939 2957 970 3016 in
992 2961 1020 3018 A
1041 2958 1160 3019 inueni:
1182 2959 1210 3018 ii.

213 3077 258 3136 54.
279 3069 478 3143 rltemtassent,
494 3061 522 3120 ii.
540 3084 587 3139 49.
608 3083 624 3140 3
645 3064 756 3122 tentari
774 3083 856 3136 corr,
880 3065 933 3124 sed
954 3069 1092 3142 temptari
1103 3049 1145 3125 m}
1157 3086 1210 3143 pr.,

210 3165 238 3225 ii.
254 3170 317 3226 106.
340 3189 354 3226 2
370 3175 520 3227 tentatum.
565 3171 672 3245 Itaque
686 3188 803 3244 semper
813 3171 873 3228 fere
885 3170 982 3230 codici
992 3171 1151 3232 obsecutus
1167 3183 1212 3232 est

210 3275 288 3346 Am,
304 3295 366 3334 non
382 3278 501 3335 saeculo
515 3296 578 3349 su0,
592 3296 651 3352 qua
664 3276 723 3335 iam
739 3284 849 3335 tentare
863 3279 1020 3337 malebant.
1059 3281 1212 3340 Praeterea

208 3377 236 3437 ii.
257 3400 320 3452 114.
338 3401 357 3453 4
378 3401 433 3458 pro
455 3383 584 3458 reliquiis
605 3384 633 3441 A
654 3385 705 3442 dat
727 3384 853 3459 reliquis,
873 3383 960 3443 solito
982 3404 1064 3443 more
1085 3385 1210 3462 antiqui-

209 3484 276 3545 tatis
288 3507 297 3559 3
325 3487 363 3546 de
391 3507 451 3564 qua
478 3509 509 3549 re
537 3489 673 3549 dixerunt
696 3492 904 3549 Mommsenus
927 3491 966 3550 ad
992 3492 1077 3549 Mon.
1101 3493 1207 3568 Ancyr.

206 3611 231 3650 c
247 3591 287 3664 iii,
304 3592 489 3656 Ribbeckius
503 3596 534 3655 in
549 3599 714 3674 Prolegom.
730 3578 841 3674 Vergili
854 3597 891 3656 iv.

249 3700 386 3758 Poteram
402 3703 486 3777 plura
498 3704 621 3776 adferre,
637 3704 691 3762 sed
705 3705 779 3763 haec
793 3705 832 3764 ad
846 3703 1032 3780 propositum
1047 3703 1117 3764 satis
1132 3717 1209 3765 sunt.
