2836 4350
522 386 849 447 PROLEGOMENA

183 553 297 631 grapho
310 551 502 632 Amerbachii
516 563 687 629 comparata
700 552 858 629 praecipue
873 551 1002 612 elucebit
1016 552 1072 612 utri
1086 551 1185 630 potius

184 659 284 720 danda
311 660 385 718 fides
407 657 452 718 sit.
505 661 577 718 Hoc
605 657 692 735 igitur
718 679 800 718 nunc
828 659 1094 719 demonstrandum
1122 659 1184 732 erit,

184 775 401 826 uetustatem
422 763 653 841 incorruptae
674 763 839 824 lectionis
869 763 984 841 qualis
1006 764 1040 824 in
1061 765 1187 826 codice

187 869 418 931 Murbacensi
440 868 508 930 fuit
531 890 571 929 ex
593 869 828 930 Amerbachii
852 873 1055 947 apographo
1075 873 1188 932 multo

186 975 302 1054 magis
324 996 427 1054 quam
444 963 490 1036 'ex
512 975 680 1036 Rhenani
701 978 753 1036 ed.
777 997 823 1053 pr.
845 978 1074 1054 repetendam
1094 998 1189 1052 esse,

185 1085 235 1146 cd.
256 1087 304 1142 Pr.
331 1081 380 1162 (P)
408 1103 427 1142 a
457 1081 580 1143 Bureri
608 1082 828 1144 lectionibus
851 1080 902 1163 (B)
924 1102 964 1143 ex
991 1083 1070 1160 ipso
1099 1086 1190 1144 Mur-

187 1187 332 1250 bacensi
355 1188 476 1249 ductis
499 1209 758 1266 saepenumero
781 1189 990 1266 discrepare,
1014 1192 1086 1249 Am.
1110 1211 1191 1267 apo-

186 1297 344 1372 graphon
360 1294 412 1375 (A)
428 1295 612 1357 rarissime.

231 1423 254 1462 1.
278 1402 378 1462 Verba
408 1401 439 1460 in
474 1405 502 1460 A
536 1402 675 1462 distracta
706 1411 783 1474 sunt,
816 1399 892 1460 sicut
924 1399 955 1459 in
989 1402 1189 1475 Murbacensi,

188 1511 279 1568 haec:
295 1506 312 1566 i.
333 1529 375 1567 11.
395 1530 410 1566 2
431 1509 505 1567 aclea
523 1529 567 1567 eas
588 1528 729 1584 suprascr.
746 1509 869 1579 achaeos,
890 1528 932 1566 12.
951 1526 968 1583 3
985 1516 1047 1566 acto
1058 1506 1137 1586 (del.)
1159 1529 1214 1568 ac·

188 1623 274 1692 togae,
295 1635 338 1690 13.
357 1635 373 1672 2
388 1616 512 1673 deuictae
530 1634 578 1672 eas
591 1615 696 1691 egentis
714 1634 768 1690 pro
782 1615 906 1673 deuictae
919 1633 938 1672 a
952 1633 981 1672 se
990 1615 1091 1690 gentis,
1112 1634 1155 1687 14.
1174 1613 1203 1690 7‘

188 1725 265 1782 iussa
281 1723 356 1781 binis
370 1742 442 1782 corr.
459 1723 505 1781 ius
519 1724 644 1797 Sabinis,
665 1741 708 1798 17.
726 1727 744 1781 6
760 1723 897 1782 naturali
910 1739 916 1753 ·
932 1729 1026 1798 terque
1047 1741 1189 1798 suprascr.

189 1830 402 1904 naturaliterq,
425 1827 453 1888 ii.
479 1851 505 1888 2.
529 1851 543 1888 2
565 1831 701 1889 desanr'ta
721 1849 777 1905 pro
796 1830 915 1888 desa'uz't
934 1849 961 1903 a,
979 1848 1004 1905 3.
1025 1849 1037 1887 1
1054 1849 1110 1888 sese
1129 1848 1192 1904 que-

188 1944 295 1995 rentur
306 1955 378 1994 corr.
402 1955 429 1994 se
449 1945 640 2011 sequerentur,
659 1939 685 1995 6.
703 1953 718 2013 5
735 1938 902 1994 sedaturum
923 1954 977 2010 pro
995 1955 1024 1993 se
1041 1937 1191 2008 daturum,

99 2081 104 2092 ·
189 2042 228 2101 ib.
242 2062 347 2101 aurare
353 2051 515 2118 pensurum
527 2061 598 2101 corr.
616 2063 692 2101 auro
704 2052 898 2118 repensurum,
918 2044 962 2100 16.
977 2062 990 2100 1
1004 2043 1076 2102 r'nste
1086 2043 1194 2100 t'uscata

190 2168 244 2225 pro
265 2150 392 2209 Insteius
416 2151 496 2222 Cata,
525 2168 568 2225 19.
594 2169 606 2208 1
631 2169 667 2208 ex
688 2151 821 2208 turbauit
839 2169 893 2226 pro
914 2150 1089 2221 exturbauit,
1107 2169 1152 2225 30.
1176 2165 1191 2225 5

192 2259 303 2333 Sparta
314 2257 438 2333 ceraptis
447 2276 502 2333 pro
518 2257 658 2333 Spartaco
674 2257 774 2332 raptis,
789 2276 835 2333 31.
853 2277 865 2314 1
882 2257 974 2332 magis
984 2263 1049 2314 erat
1061 2257 1192 2314 uiturum

192 2383 335 2438 suprascr.
362 2363 536 2438 magistratu
561 2364 681 2435 iturum,
708 2381 754 2438 3²·
777 2383 794 2438 3
816 2370 852 2420 ut
872 2362 1015 2420 harosa‘us
1036 2380 1090 2436 pro
1118 2361 1194 2420 Otlro

192 2469 319 2542 Rosam,
338 2471 383 2544 38.
402 2485 417 2545 5
434 2488 501 2527 mox
514 2443 617 2527 *habita
631 2469 669 2526 lis
687 2487 741 2544 pro
761 2487 828 2526 max
846 2469 883 2525 ab
896 2468 1016 2540 Attalis,
1034 2486 1080 2540 44.
1100 2487 1114 2525 2
1130 2454 1195 2525 sece-

192 2576 283 2633 denda
303 2594 357 2650 pro
377 2594 406 2633 se
426 2576 550 2648 cedema,
567 2577 613 2650 67.
630 2577 769 2648 4r'nteria
787 2577 839 2634 ὃὸἓ
855 2594 909 2650 pro
928 2575 1007 2634 inter
1018 2575 1094 2648 ieras,
1114 2577 1158 2648 76.
1175 2594 1195 2647 4

194 2681 372 2742 Saluidienis
392 2684 508 2739 caelesta
530 2683 651 2740 consilia
675 2701 729 2757 pro
752 2682 918 2741 Salnritr'eni
935 2683 1045 2740 scelesta
1067 2682 1192 2754 cansr'lta,

194 2840 240 2896 86.
266 2856 283 2913 3
306 2837 426 2895 nudasset
442 2799 617 2913 tumu'puam
643 2857 698 2914 pro
720 2839 837 2896 uidisset
857 2858 1002 2913 umquam,
1024 2854 1069 2914 95.
1096 2857 1110 2895 2
1127 2847 1197 2914 per-

193 2946 331 3002 domuere.
373 2944 484 3001 Tantae
497 2963 552 3019 pro
562 2945 793 3020 perdomuerunt
807 2951 881 3003 ante.

236 3071 261 3107 2.
286 3046 361 3131 Loci
375 3048 527 3124 deprauati
542 3069 617 3126 quos
632 3048 762 3108 exactius
777 3053 909 3126 Aquam
924 3051 947 3107 P
962 3048 1098 3108 seruauit.

234 3155 251 3215 i.
270 3176 313 3214 12.
329 3173 343 3230 7
358 3175 444 3230 neque
457 3157 590 3214 senona
607 3157 667 3214 ram
683 3163 829 3215 terrarum
843 3156 908 3214 arbi
918 3163 1051 3232 superata
1069 3175 1196 3214 securam

194 3263 347 3338 superauit
346 3261 429 3337 fores
436 3262 465 3319 si
471 3281 515 3318 me
569 3282 657 3338 quam
668 3263 773 3321 stantis
784 3269 912 3320 maneret
922 3263 1111 3337 Carthaginis
1119 3265 1148 3320 A
1156 3282 1195 3322 m.

1024 3369 1075 3406 nitu

194 3437 247 3493 pr.,
270 3418 353 3495 quod
377 3415 476 3477 statim
502 3417 544 3477 sic
568 3418 692 3478 correxit
715 3419 1030 3495 peranr't—sere—-mo
1057 3438 1197 3494 usquam:

195 3525 276 3584 unde
298 3523 397 3583 Baiter
418 3523 519 3584 elicuit
538 3526 567 3582 si
585 3523 769 3603 moni(me⁷)tu
790 3545 918 3601 usquam.
961 3525 1001 3582 At
1022 3522 1053 3582 in
1075 3526 1158 3584 Pest
1171 3527 1201 3585 si

196 3649 295 3688 nemen
315 3650 445 3706 usquam,
464 3640 565 3706 aperte
586 3627 803 3707 interpolatum.
847 3629 874 3690 ii.
895 3650 967 3703 141
988 3631 1130 3691 immensa
1144 3632 1197 3701 illa

194 3742 223 3793 et
248 3737 390 3812 incognita
414 3756 481 3812 que
505 3757 564 3811 qua
596 3739 671 3812 <pum
698 3737 851 3831 (suprascr.
886 3757 958 3814 quae
985 3734 1060 3815 eum)
1091 3747 1200 3814 semper

674 3843 725 3890 xvii
1057 3842 1076 3901 b
