3050 4350
674 373 803 432 LIBER
826 375 858 433 II

269 538 395 599 faciebat
417 537 667 616 inexsuperabilis,
691 558 748 597 nec
772 538 927 599 temerario
949 538 1073 599 consilio
1101 559 1157 598 nec
1185 537 1268 616 segni

268 637 455 715 prouidentia
479 637 532 696 iuti
555 636 757 714 speculatique
782 636 1012 714 oportunitatem
1040 639 1116 697 ferro
1144 635 1200 696 sibi
1227 639 1266 696 ad

268 755 337 796 suos
372 755 511 813 peperere
545 735 680 796 reditum.
732 756 768 795 ex
802 755 863 812 quo
897 745 1018 812 apparet
1045 737 1166 807 Varum,
1196 754 1294 806 sane5

266 854 386 910 grauem
410 845 439 894 et
464 835 561 894 bonae
581 832 742 893 uoluntatis
767 833 872 906 uirum,
899 833 991 910 magis
1013 831 1196 910 imperatoris
1218 834 1267 892 de·

240 933 378 996 afectum
393 931 517 992 consilio
532 951 622 1008 quarn
637 930 744 991 uirtute
766 931 939 991 destitutum
959 929 1086 990 militum
1106 951 1137 990 se
1157 929 1267 1007 magni-

266 1029 550 1106 ficentissimumque
580 1028 743 1106 perdidisse
771 1028 938 1088 exercitum.
982 1048 1051 1088 curn
1076 1028 1106 1087 in
1132 1021 1294 1105 captiuos⁶

266 1125 427 1186 saeuiretur
448 1145 466 1185 a
481 1125 645 1198 Germanis,
661 1125 801 1202 praeclari
816 1124 953 1184 facinoris
967 1137 1070 1185 auctor
1083 1125 1138 1184 fuit
1153 1127 1265 1188 Caldus

267 1222 394 1296 Caelius,
410 1224 584 1282 adulescens
607 1233 754 1282 uetustate
773 1221 900 1282 familiae
915 1241 986 1281 suae
1000 1221 1197 1299 dignissimus,
1214 1223 1266 1299 qui

267 1321 438 1395 complexus
459 1331 638 1392 catenarum,
655 1319 763 1396 quibus
782 1317 900 1378 uinctus
920 1330 989 1392 erat,
1010 1319 1124 1392 seriem,
1140 1321 1180 1381 ita
1201 1322 1265 1383 illas

223 1435 252 1470 ro
266 1415 356 1476 inlisit
378 1416 467 1493 capiti
492 1437 555 1489 suo,
579 1427 611 1476 ut
633 1415 767 1493 protinus
789 1414 897 1492 pariter
919 1415 1068 1492 sanguinis
1093 1418 1265 1496 cerebrique

268 1515 417 1590 profluuio
431 1514 596 1592 exspiraret.

306 1614 421 1672 Eadem
444 1612 536 1673 uirtus
559 1624 588 1672 et
616 1614 734 1672 fortuna
761 1611 954 1689 subsequenti
982 1623 1115 1690 tempore
1143 1613 1264 1692 ingressi
1277 1629 1326 1672 121

266 1712 456 1771 Germaniam
475 1710 659 1789 imperatoris
680 1711 782 1770 Tiberi
798 1710 861 1783 fuit,
877 1730 955 1788 quae
969 1709 1054 1771 initio
1068 1713 1168 1773 fuerat.
1213 1715 1265 1793 qui

265 1809 416 1871 concussis
430 1810 560 1870 hostium
578 1810 689 1870 uiribus
709 1809 837 1870 classicis
858 1809 1053 1886 peditumque
1074 1811 1265 1888 expeditioni-

221 1920 249 1970 15
264 1907 328 1980 bus,
352 1928 420 1966 cum
442 1929 487 1968 res
510 1907 672 1968 Galliarum
695 1907 839 1966 maximae
862 1901 949 1966 molis
971 1927 1155 1985 accensaque
1176 1912 1264 1986 plebe

264 2005 480 2066 Viennensium
503 2005 702 2066 dissensiones
725 2005 904 2065 coercitione
927 2004 1019 2082 magis
1048 2025 1137 2082 quam
1166 2028 1264 2085 poena

263 2103 414 2178 mollisset‚
444 2116 563 2165 senatus
591 2106 779 2181 populusque
802 2106 957 2164 Romanus
985 2106 1153 2180 postulante
1181 2119 1264 2183 patre

263 2204 334 2277 eius,
351 2216 383 2264 ut
397 2223 526 2281 aequum
541 2204 568 2264 ei
590 2204 636 2263 ius
653 2203 683 2262 in
699 2203 838 2263 omnibus
852 2201 1012 2279 prouinciis
1028 2203 1264 2281 exercitibusque

263 2314 348 2375 esset,
359 2323 448 2379 quam
458 2301 591 2379 metipsi,
602 2304 722 2362 decreto
732 2303 903 2379 complexus
912 2312 964 2360 est.
981 2301 1091 2361 etenim
1100 2302 1262 2364 absurdum

218 2428 250 2462 20
263 2411 324 2460 erat
339 2420 400 2460 non
415 2420 479 2460 esse
494 2401 550 2460 sub
564 2399 623 2472 illo,
639 2419 716 2476 quae
734 2401 774 2460 ab
792 2399 843 2460 illo
862 2398 1097 2472 uindicabantur‚
1114 2412 1143 2459 et
1158 2401 1209 2478 qui
1223 2406 1262 2463 ad
1277 2429 1288 2462 2

263 2517 352 2574 opem
366 2498 518 2556 serendam
533 2496 644 2574 primus
666 2509 735 2570 erat,
751 2499 790 2557 ad
809 2496 1024 2556 uindicandum
1039 2499 1184 2558 bonorem
1200 2519 1262 2559 non

297 2669 308 2700 1
327 2653 526 2714 inexuperabilis
539 2652 607 2714 (leis
618 2651 654 2714 P)
666 2651 720 2699 ΑΡ
808 2668 823 2699 a
840 2653 887 2700 uiti
898 2651 937 2702 B:
956 2652 1002 2700 niti
1013 2653 1055 2701 A:
1074 2653 1113 2701 usi
1125 2653 1162 2703 P:
1180 2655 1262 2703 adiuti

262 2718 358 2768 Burer:
376 2719 424 2767 nisi
437 2718 471 2766 ed.
485 2717 604 2781 [livonia
625 2717 670 2766 iuti
683 2717 850 2779 Heinsiuqefi
869 2718 923 2767 Tae.
936 2717 1008 2766 Anu.
1022 2718 1103 2779 xiv.4
1169 2735 1261 2782 oppor-

262 2783 397 2832 tunitatem
404 2783 457 2831 ΑΡ
533 2799 548 2844 3
560 2790 716 2844 pepererunt
729 2783 781 2843 del,
791 2783 845 2830 dein
852 2782 1010 2844 peperereA
1022 2800 1027 2834 :
1041 2799 1164 2844 aperuere
1176 2785 1261 2834 Come·

262 2850 333 2896 lisseu
379 2848 648 2909 4grauem&boneA
706 2849 808 2907 qseuir.
820 2853 842 2894 et
853 2848 931 2909 precl.
945 2848 971 2894 A
1029 2849 1161 2898 8Coelius
1178 2851 1260 2914 (Cael.

262 2912 296 2972 P)
304 2915 336 2961 ad
349 2921 503 2962 uetustatem
517 2914 572 2974 ΑΡ,
586 2913 653 2975 quod
662 2913 766 2974 defendit
776 2913 896 2974 Wopkens
907 2911 969 2962 Lecl.
986 2913 1049 2963 Tull.
1065 2918 1077 2972 5
1094 2931 1154 2976 134:
1175 2917 1261 2964 adule-

262 2995 337 3027 scens
359 2987 488 3028 uetustate
508 2978 648 3027 Ruhnken:
672 2994 739 3028 ac..
755 3015 761 3027 .
776 2979 916 3040 dignissimi
928 2978 1030 3038 Lipsius
1126 2982 1261 3041 9saeriem

261 3045 287 3091 A
389 3060 417 3092 11
436 3046 561 3106 profluuio
575 3043 700 3094 Gelenius:
722 3045 749 3090 in
761 3045 838 3092 lluuio
849 3043 916 3092 AP:
934 3044 1038 3093 effiuuio
1050 3043 1151 3108 Lipsius
1215 3061 1261 3094 ex-

261 3110 328 3170 piret
343 3126 400 3159 corr.
415 3111 441 3157 in
456 3109 622 3171 expiraretA
723 3125 753 3156 ra
770 3110 915 3158 eademA:
940 3111 1029 3157 eadem
1046 3110 1110 3158 etP
1221 3111 1260 3159 in-

261 3176 343 3236 gressi
353 3176 515 3223 Germaniam
524 3175 623 3222 Bardili
634 3175 720 3230 (1842)
727 3175 903 3236 pulcherrime:
921 3175 1037 3235 ingressa
1050 3177 1157 3224 animam
1171 3179 1260 3235 (mum

260 3241 294 3301 P)
308 3239 387 3287 ΑΒΡ
500 3256 529 3301 13
546 3240 640 3288 Tiberii
654 3239 732 3286 ABP
851 3255 878 3300 14
898 3243 1029 3290 concussis
1041 3241 1095 3300 del,
1108 3241 1161 3290 dein
1173 3243 1260 3292 sienem

260 3313 380 3368 suprascr.
395 3307 525 3354 concussis
537 3306 579 3353 A:
598 3305 712 3352 contusis
723 3305 847 3352 Ruhnken
854 3307 1010 3368 probabiliter
1096 3321 1124 3366 15
1142 3322 1260 3356 accensa·

260 3387 311 3431 que
330 3371 404 3432 plebe
422 3371 457 3432 A,
484 3370 552 3433 quod
567 3371 684 3431 nuocaui,
706 3387 763 3417 eum
782 3370 866 3416 Burer
889 3375 990 3418 testatus
1004 3372 1037 3419 sit
1057 3387 1215 3432 accensaque
1234 3375 1260 3422 in

261 3435 418 3484 Murbacensi
430 3438 521 3494 fuisse:
545 3451 717 3496 accensasque
740 3436 821 3496 plebis
844 3434 883 3483 P:
906 3436 987 3496 plebis
1003 3438 1077 3483 etiam
1098 3435 1179 3483 Bnrer
1199 3439 1260 3486 uidit

264 3505 293 3548 16
310 3503 442 3549 coertione
458 3501 516 3563 ΑΡ,
535 3518 592 3551 corr.
614 3501 726 3549 Gelenius
825 3503 855 3548 18
872 3516 980 3561 aequum
1002 3502 1025 3548 ei
1045 3501 1084 3548 ius
1104 3500 1260 3553 Rhenanus:

261 3582 354 3627 equum
375 3569 430 3615 eius
449 3566 504 3613 ΑΡ
605 3566 739 3627 prouintiis
757 3565 783 3612 A
851 3581 882 3627 19
899 3581 973 3626 quam
994 3565 1059 3616 AP:
1088 3573 1164 3627 atque
1187 3568 1263 3616 Orelli

261 3633 317 3693 ipse
329 3631 394 3680 AP:
423 3633 472 3693 ipsi
489 3632 644 3679 Rhenanus:
664 3632 726 3692 soei.
738 3646 814 3691 quam
831 3646 882 3691 quo
898 3638 952 3679 erat
968 3631 1023 3690 ipse
1153 3634 1219 3694 copl.
1232 3634 1258 3680 A

261 3705 300 3746 est
312 3698 397 3759 sen'psi
404 3715 411 3746 ε
423 3704 491 3746 esset
501 3696 557 3758 ΑΡ,
571 3704 593 3743 et
603 3698 636 3745 sic
642 3695 724 3743 Bum
731 3695 828 3742 uidetur
840 3697 928 3758 legisse.
966 3695 1044 3759 Vulgo
1058 3706 1084 3746 et
1097 3698 1194 3745 addunt
1202 3704 1261 3761 past

261 3762 392 3824 mollisset‚
406 3763 522 3826 epodosin
534 3763 723 3824 autemsannnt
733 3762 759 3808 in
771 3763 858 3810 urbem
872 3777 999 3822 reuersus,
1012 3771 1088 3814 κ.τ.λ.

737 3867 783 3944 133
