3050 4350
557 340 712 402 VELLEI
735 339 976 400 PATERCVLI

264 505 467 567 munificentia
481 526 627 584 superque
641 508 802 565 humanam
817 514 921 565 euecta
928 505 1020 564 fidem
1030 503 1174 580 templum
1189 501 1264 580 patri

264 604 400 665 molitur!
441 624 531 681 quam
556 604 713 682 magnifico
740 603 832 663 animi
859 613 1093 680 temperamento
1114 604 1169 665 Cn.
1193 621 1265 678 quo

264 723 323 780 que
342 702 467 780 Pompei
486 723 609 762 munera
627 703 785 779 absumpta
801 700 861 779 igni
880 699 1022 761 restituit!
1051 699 1103 777 qui
1117 700 1264 778 quidquid

264 821 408 878 umquam
435 801 610 862 claritudine
638 801 770 874 eminuit,
795 800 827 861 id
854 801 947 861 ueluti
975 812 1134 878 cognatum
1162 811 1263 860 censet
1308 809 1313 830 ·

238 921 249 953 2
265 901 418 959 tuendum.
459 919 518 976 qua
529 898 704 959 liberalitate
718 919 787 958 cum
801 896 881 972 alias,
904 910 968 959 tum
987 897 1120 976 proxime
1140 898 1292 959 incensos

266 1009 369 1057 monte
382 995 486 1058 Caelio
507 995 604 1056 omnis
626 994 737 1056 ordinis
758 994 915 1055 hominum
936 995 1064 1055 iacturae
1085 993 1263 1072 patrimonio

265 1093 407 1156 succurrit
422 1097 494 1154 suol
529 1104 640 1170 quanta
660 1113 729 1152 cum
751 1091 850 1168 quiete
871 1091 1027 1152 hominum
1049 1113 1110 1152 rem
1130 1089 1263 1169 perpetui

266 1190 476 1268 praecipuique
490 1173 616 1263 timoris,¹
624 1192 873 1267 supplementum,
890 1189 953 1249 sine
964 1189 1160 1267 trepidatione
1169 1192 1264 1250 delec-

240 1301 314 1365 3tus
335 1288 490 1366 prouidetl
525 1287 550 1348 si
566 1299 617 1348 aut
636 1299 740 1347 natura
760 1287 869 1364 patitur
886 1298 937 1346 aut
954 1286 1142 1348 mediocritas
1161 1287 1264 1364 recipit

265 1385 430 1459 hominum,
459 1396 510 1445 aut
537 1385 611 1444 ratio
639 1386 763 1444 deorum
791 1405 860 1444 curn
889 1383 952 1444 deis
983 1384 1082 1461 queri:
1114 1383 1187 1462 quid
1214 1383 1311 1443 hic10

265 1483 379 1556 meruit,
402 1481 530 1559 primum
555 1493 588 1542 ut
610 1483 750 1541 scelerata
775 1484 890 1542 Drusus
914 1482 990 1541 Libo
1013 1481 1098 1542 iniret
1120 1481 1264 1542 consilia?

265 1581 376 1642 deinde
390 1593 422 1641 ut
437 1580 541 1641 Silium
561 1579 761 1657 Pisonemque
780 1592 840 1640 tarn
861 1603 876 1634 a
894 1603 908 1636 r
926 1604 940 1637 s
956 1580 1074 1642 alterius
1089 1580 1263 1659 dignitatem

266 1679 426 1752 constituit,
442 1678 522 1738 auxit
541 1678 681 1738 alterius?
702 1690 734 1738 ut
752 1680 791 1738 ad
806 1679 917 1740 maiora
931 1682 1147 1753 transcendam,
1163 1695 1279 1756 quam-t

266 1797 356 1853 quam
371 1788 401 1837 et
414 1778 489 1836 haec
506 1776 555 1836 ille
574 1775 657 1836 duxit
675 1775 810 1849 maxima,
833 1776 915 1854 quid,
933 1789 966 1836 ut
980 1776 1103 1837 iuuenes
1118 1777 1264 1854 amitteret

266 1872 364 1934 filios?
403 1873 484 1951 quid,
507 1885 540 1933 ut
564 1884 705 1950 nepotem
729 1893 765 1933 ex
790 1877 889 1935 Druso
911 1878 987 1936 suo?
1015 1877 1145 1936 dolenda
1165 1877 1264 1935 adhuc
1280 1887 1309 1938 ι5

238 1971 449 2045 4rettulimus:
470 1971 653 2032 ueniendum
675 1974 714 2032 ad
735 1974 938 2033 erubescenda
961 1985 1013 2034 est.
1065 1972 1182 2050 quantis
1206 1976 1265 2034 hoc

266 2068 434 2142 triennium,
461 2071 504 2128 M.
528 2067 636 2142 Vinici,
665 2069 818 2130 doloribus
849 2069 988 2130 lacerauit
1022 2069 1155 2130 animum
1184 2070 1264 2130 eius!

265 2187 356 2243 quam
385 2165 437 2227 diu
465 2167 610 2238 abstruso,
641 2169 723 2243 quod
752 2166 947 2226 miserrimum
979 2178 1031 2241 est,
1060 2179 1164 2245 pectus
1202 2167 1265 2228 eius

264 2263 398 2342 flagrauit
418 2261 567 2336 incendio,
593 2266 675 2340 quod
699 2284 735 2323 ex
757 2285 841 2336 nuru,
864 2266 946 2340 quod
969 2285 1004 2324 ex
1026 2276 1135 2342 nepote
1154 2267 1263 2338 dolere,

239 2360 420 2438 5indignari,
446 2361 619 2421 erubescere
647 2374 767 2423 coactus
795 2366 858 2422 est!
897 2361 981 2422 cuius
1008 2362 1149 2440 temporis
1177 2362 1266 2440 aegri·
1281 2377 1312 2412 ²0

265 2463 401 2525 tudinem
425 2462 506 2522 auxit
530 2461 638 2522 amissa
662 2474 763 2535 mater,
787 2462 1021 2523 eminentissima
1041 2475 1071 2523 et
1091 2484 1144 2541 per
1164 2462 1266 2524 omnia

265 2560 329 2621 deis
364 2580 454 2637 quam
484 2559 655 2620 hominibus
687 2559 809 2620 similior
837 2559 955 2633 femina,
986 2560 1070 2620 cuius
1101 2560 1265 2638 potentiam

266 2679 356 2719 nemo
387 2658 478 2718 sensit
510 2657 567 2718 nisi
594 2669 644 2718 aut
677 2657 826 2718 leuatione
860 2657 982 2736 periculi
1014 2670 1065 2718 aut
1094 2658 1266 2719 accessione

266 2755 423 2835 dignitatis

206 2874 254 2931 131
307 2857 388 2914 Voto
415 2852 581 2914 finiendum
612 2856 754 2914 uolumen
781 2862 843 2913 est.¹
873 2853 1006 2931 Iuppiter
1033 2853 1210 2931 Capitoline,
1236 2865 1266 2914 et
1282 2864 1312 2915 ²5

299 3039 315 3071 a
331 3015 379 3072 CN
396 3023 438 3073 A:
465 3023 519 3072 CN.
539 3023 565 3071 P
627 3039 644 3084 3
660 3025 704 3085 qui
714 3025 818 3085 quidem
830 3041 905 3086 quam
917 3025 986 3075 AP:
1005 3027 1081 3076 ‘alias
1091 3028 1136 3089 qui
1148 3028 1267 3090 quicquid

268 3105 379 3150 unquam
389 3088 394 3108 '
403 3088 557 3140 Rhenanus:
576 3089 695 3151 quicquid
707 3091 776 3138 enim
785 3107 903 3152 umquam
914 3091 1017 3141 Haase:
1027 3092 1137 3153 sortasse
1143 3094 1267 3156 quidquid

268 3170 386 3216 umquam
502 3156 518 3202 6
534 3154 623 3203 Caelio
641 3155 683 3204 A:
708 3156 779 3204 Caeli
799 3155 825 3202 P
936 3159 952 3205 8
970 3157 1077 3206 dilectus
1088 3159 1114 3205 A
1237 3175 1268 3209 10

267 3247 330 3284 auro
350 3237 400 3285 deo
423 3252 480 3284 cum
503 3238 536 3284 de
558 3236 598 3284 his
617 3237 691 3298 queri
713 3237 780 3286 AP:
814 3245 859 3286 aut
881 3240 945 3288 ratio
969 3231 1017 3301 (so)
1040 3241 1129 3289 Orelli:
1161 3243 1266 3291 deorum

268 3300 425 3349 Rhenanus:
446 3318 503 3350 cum
511 3302 566 3350 deis
575 3300 703 3366 Hnnsius,
714 3305 761 3364 qui
769 3309 852 3352 tamen
868 3306 959 3353 maluit
966 3307 1048 3354 audeo
1058 3323 1115 3355 cum
1127 3307 1181 3356 deis
1193 3309 1267 3368 queri

268 3366 337 3428 quod
345 3373 481 3430 receperunt
491 3367 563 3414 Kn'ta
574 3372 596 3414 u
609 3367 705 3417 Halm:
723 3370 755 3416 de
769 3370 819 3417 deo
836 3385 892 3418 cum
905 3371 960 3418 deis
971 3372 1044 3432 queri
1057 3373 1109 3420 iam
1120 3377 1178 3420 ante
1187 3373 1267 3421 Heriu-

267 3433 334 3480 sa'um
350 3434 460 3495 Vrsinus,
473 3433 542 3495 quod
546 3433 683 3495 praemisso
694 3436 776 3482 audeo
788 3435 829 3482 uel
843 3451 907 3484 aueo
918 3437 1081 3500 supplauen'm
1181 3453 1211 3485 12
1228 3440 1267 3487 in·

268 3497 348 3546 festos
365 3499 471 3547 haberet
482 3512 589 3560 quorum
605 3499 727 3561 suppleuit
741 3499 879 3548 Burmann
1024 3518 1054 3563 14
1071 3503 1135 3550 dixit
1146 3503 1203 3563 ΑΡ,
1218 3520 1265 3554 em.

268 3561 408 3612 Rhenanus
502 3577 531 3624 15
549 3564 634 3611 Druso
643 3579 690 3612 suo
699 3564 792 3616 Burer:
812 3565 962 3614 DrusuoB:
981 3567 1067 3616 Druso
1074 3568 1128 3616 ΑΡ
1237 3571 1268 3616 16

268 3628 380 3679 rett.A:
400 3628 485 3676 ret.P
565 3635 604 3678 est
616 3628 682 3680 BA:
700 3629 788 3680 om.P
868 3646 897 3693 17
914 3632 1043 3680 ViniciiB
1120 3649 1151 3695 19
1161 3634 1270 3696 firmasse

267 3709 318 3754 quo
331 3731 337 3744 .
351 3710 441 3755 ..quo
523 3693 649 3743 doloreA
764 3711 798 3744 ao
814 3697 1061 3748 embesoereom.P
1139 3701 1268 3762 egreditu-

268 3759 391 3809 dinemA
497 3773 530 3820 25
547 3767 587 3808 est
600 3759 677 3809 Orelli
682 3778 687 3812 :
706 3762 739 3810 sit
750 3760 805 3808 ΑΡ
859 3761 993 3824 IupiterP

745 3853 791 3901 14³
