3050 4350
673 377 803 436 LIBER
825 379 858 438 II

270 540 443 602 terribiliora
457 543 585 602 duceret.
628 551 661 602 ut
675 541 785 602 deinde
800 542 903 618 spretis
918 543 1057 604 omnibus
1067 564 1144 623 quae
1159 546 1268 607 Caesar
1280 573 1297 621 4

269 641 478 718 postulauerat,
504 641 712 700 tantummodo
737 652 895 702 contentus
923 662 983 701 una
1010 642 1125 719 legione
1150 643 1267 703 titulum

271 759 309 799 ne
326 739 464 799 retineret
480 738 659 816 prouinciae,
678 738 870 816 priuatusque
887 739 917 798 in
934 739 1039 799 urbem
1061 740 1174 801 ueniret
1191 752 1221 801 et
1238 762 1269 802 se

270 835 301 894 in
335 835 479 912 petitione
514 837 684 895 consulatus
717 835 860 912 suffragiis
893 836 996 913 populi
1029 837 1159 897 Romani
1191 858 1271 898 com-

243 932 399 1003 5mitteret
421 936 587 1006 decreuere,
611 945 690 993 ratus
713 933 886 993 bellandum
911 935 1020 995 Caesar
1044 955 1113 994 cum
1141 935 1270 996 exercitu

272 1029 463 1089 Rubiconem
486 1029 606 1089 transiit.
650 1031 706 1091 Cn.
726 1029 887 1106 Pompeius
909 1033 1107 1108 consulesque
1129 1043 1159 1091 et
1177 1032 1271 1092 maior

270 1145 337 1202 pars
372 1137 491 1186 senatus
526 1126 627 1186 relicta
660 1127 734 1186 urbe
768 1147 803 1186 ac
832 1127 942 1187 deinde
971 1127 1056 1187 Italia
1085 1128 1271 1188 transmisere

272 1224 476 1300 Dyrrachium.

311 1322 352 1379 At
372 1322 481 1382 Caesar
504 1321 638 1381 Domitio
657 1320 891 1398 legionibusque,
908 1322 1022 1383 Corfini
1031 1342 1112 1400 quae
1127 1343 1187 1382 una
1200 1343 1268 1382 cum
1282 1335 1323 1395 5ο

226 1442 258 1478 ro
272 1436 308 1477 eo
326 1420 449 1492 fuerant,
464 1419 585 1496 potitus,
601 1421 678 1481 duce
697 1419 829 1498 aliisque,
846 1421 896 1498 qui
912 1433 1113 1481 conuenerant
1131 1421 1213 1482 abire
1231 1425 1269 1482 ad

273 1518 458 1595 Pompeium,
479 1520 543 1580 sine
561 1520 704 1581 dilatione
726 1521 863 1595 dimissis
884 1534 1056 1600 persecutus
1079 1524 1270 1585 Brundisium

271 1615 312 1675 ita
326 1628 358 1676 ut
372 1630 525 1695 appareret
543 1622 631 1678 malle
650 1619 769 1696 integris
790 1621 878 1680 rebus
897 1631 927 1680 et
946 1621 1173 1683 condicionibus
1188 1622 1271 1682 finire

273 1714 384 1775 bellum
394 1736 484 1793 quam
496 1716 662 1792 opprimere
667 1715 813 1793 fugientis,
821 1737 889 1777 cum
896 1728 1091 1794 transgressos
1096 1718 1272 1795 repperisset

273 1815 418 1886 consules,
431 1813 462 1872 in
477 1814 581 1873 urbem
596 1805 750 1872 reuertitur
764 1813 938 1891 redditaque
952 1813 1066 1874 ratione
1080 1815 1271 1876 consiliorum
1287 1837 1298 1869 a

227 1926 257 1977 15
273 1931 394 1971 suorum
416 1912 447 1972 in
470 1925 574 1972 senatu
597 1925 627 1974 et
645 1914 676 1973 in
695 1913 839 1974 contione
859 1934 895 1973 ac
916 1914 1095 1974 miserrimae
1115 1915 1273 1975 necessitu-

273 2008 359 2082 dinis,
375 2030 444 2069 cum
459 2010 562 2070 alienis
576 2010 664 2070 armis
678 2012 717 2070 ad
732 2031 813 2070 arma
824 2013 995 2088 compulsus
1010 2023 1095 2084 esset,
1110 2011 1271 2088 Hispanias

272 2118 372 2184 petere
399 2108 539 2168 decreuit
596 2107 815 2169 festinationem
849 2107 960 2168 itineris
990 2108 1059 2169 eius
1089 2109 1301 2187 aliquamdiu3

273 2218 387 2267 morata
409 2203 542 2268 Massilia
556 2220 609 2281 est,
625 2210 684 2268 fide
705 2207 811 2268 melior
833 2227 923 2285 quam
940 2207 1071 2268 consilio
1089 2209 1270 2285 prudentior,

273 2303 481 2380 intempestiue
495 2305 702 2382 principalium
716 2325 865 2364 armorum
884 2303 1003 2364 arbitria
1016 2317 1147 2381 captans,
1163 2305 1272 2381 quibus

228 2433 260 2468 20
273 2401 304 2461 hi
319 2421 350 2462 se
364 2402 476 2462 debent
487 2401 682 2479 interponere,
693 2401 744 2479 qui
752 2421 816 2461 non
826 2412 980 2478 parentem
991 2421 1127 2461 coercere
1137 2414 1270 2477 possunt.

273 2499 416 2560 exercitus
444 2499 562 2572 deinde,
592 2498 644 2576 qui
672 2499 728 2558 sub
756 2497 879 2560 Afranio
903 2497 1054 2557 consulari
1088 2517 1123 2557 ac
1155 2498 1301 2562 Petreio4

305 2673 321 2704 a
338 2673 395 2706 cum
415 2673 466 2705 una
485 2656 586 2718 legione
609 2671 642 2704 ne
661 2657 721 2712 (om.
742 2654 778 2718 P)
802 2655 903 2703 titulum
926 2655 1038 2702 retinere
1062 2671 1087 2716 p.
1108 2653 1166 2704 ΑΡ,
1215 2655 1273 2702 Vide
1350 2691 1352 2694 -

274 2723 371 2772 Comen.
387 2722 446 2772 Cn't.
545 2737 561 2782 3
578 2723 744 2783 priuatusque
755 2719 824 2769 AP:
843 2721 957 2782 priuatus
969 2720 1096 2768 Gelenius:
1114 2720 1230 2781 priuatus
1244 2729 1272 2768 ut

272 2789 429 2836 Mommsen:
446 2804 498 2849 que
515 2823 560 2836 ...
578 2794 603 2835 et
623 2789 629 2815 ‘
636 2787 768 2848 panimlas
782 2787 848 2833 inter
861 2800 886 2831 se
902 2785 1068 2846 respondentes
1083 2801 1210 2848 agnoscere
1222 2794 1276 2848 par

273 2853 321 2902 est'
337 2853 447 2902 Thomas
453 2861 480 2914 p.
497 2867 543 2900 12:
570 2852 615 2900 sed
629 2852 711 2899 dubito
790 2851 879 2898 uenire
899 2849 954 2897 ΑΡ
961 2867 967 2898 z
984 2851 1077 2898 correxi
1171 2866 1272 2910 4com-

274 2919 377 2967 mittere
389 2917 449 2979 ΑΡ,
461 2934 519 2966 eurr.
536 2918 647 2966 Gelenius
746 2931 761 2977 5
779 2918 918 2964 decreuere
929 2914 988 2975 ΑΡ,
1001 2915 1045 2962 sed
1053 2916 1274 2964 Bureradnotauit

274 2989 326 3034 ‘em
340 2989 385 3032 uel.
401 2983 435 3032 sic
450 2984 521 3030 habet
535 2989 563 3031 ut
576 2982 705 3045 legendum
721 2981 857 3030 existimem
874 2981 1042 3030 decreuerat!
1086 2981 1173 3042 Itaque
1183 2989 1272 3043 paren·

274 3050 351 3097 thesin
358 3049 450 3110 fecerat
464 3049 502 3096 ille
517 3049 709 3097 tantummodo.
723 3084 730 3097 .
745 3083 750 3094 .
763 3049 921 3100 decreuerat,
935 3051 969 3093 'ex
982 3046 1026 3094 hoc
1038 3052 1120 3094 autem
1136 3046 1272 3108 enfinin'uos

274 3115 362 3163 uenire
375 3150 399 3164 ..
414 3151 420 3164 .
432 3115 590 3163 committere
599 3113 700 3174 pendere
703 3113 795 3174 fecerat
879 3116 895 3162 8
913 3112 1069 3173 Dyrachium
1081 3111 1116 3169 A,
1129 3117 1152 3159 et
1161 3112 1196 3158 sic
1204 3125 1244 3170 51.
1260 3125 1270 3156 1

273 3197 290 3243 9
307 3180 502 3241 legionibusque
520 3179 617 3228 Corfini
637 3194 702 3239 quae
718 3178 759 3227 P:
776 3177 969 3239 legionibusque
987 3177 1084 3225 Corfini
1101 3177 1143 3224 A:
1167 3177 1273 3238 legioni·

273 3247 373 3306 busque
391 3261 458 3306 quae
475 3245 542 3294 Cori.
566 3244 651 3292 Baiter
782 3259 813 3291 10
830 3249 1004 3291 conuenerant
1025 3242 1126 3304 scripsi:
1148 3249 1272 3290 uenerant

274 3310 339 3360 AP:
359 3311 493 3360 uoluerant
506 3311 618 3358 Gelenius
702 3323 728 3356 11
747 3309 917 3357 Brundusium
928 3307 983 3355 ΑΡ
1064 3323 1093 3367 13
1110 3307 1232 3368 fugientis
1245 3306 1271 3353 A

275 3392 359 3439 reper.
371 3376 425 3424 ΑΡ
492 3391 521 3435 14
538 3376 657 3424 consules
673 3373 699 3420 A
776 3373 944 3422 reuertiturA
954 3379 983 3420 ut
991 3389 1030 3433 40.
1039 3389 1063 3434 a,
1072 3387 1109 3433 42.
1123 3373 1274 3434 3zreuertit

273 3491 300 3539 P
428 3498 458 3552 1'5
476 3491 502 3540 in
522 3494 541 3554 (l
551 3493 589 3552 ut)
609 3447 754 3539 semmam
773 3489 894 3538 contione
905 3489 941 3547 Α,
963 3493 991 3535 ut
1007 3488 1129 3535 omissum
1145 3503 1162 3537 a
1180 3504 1213 3537 m.
1232 3495 1272 3550 pr.

266 3557 347 3618 suen't
365 3563 391 3604 et
549 3571 578 3618 17
596 3555 724 3617 aliquadiu
743 3556 829 3603 inoetss
849 3561 946 3602 morata
969 3553 1083 3602 Massilia
1105 3553 1131 3600 A
1156 3556 1165 3615 (
1186 3553 1209 3615 ')
1233 3553 1278 3600 sed

275 3623 383 3684 utn'sque
404 3651 421 3664 κ
443 3622 562 3670 inductis:
583 3621 728 3683 aliquandiu
746 3619 772 3667 P
882 3636 915 3668 ao
934 3620 1006 3667 hisce
1024 3618 1049 3664 A
1155 3634 1185 3668 21
1207 3619 1272 3667 Atri-

276 3687 465 3802 qarrgpeigeppsis
489 3688 500 3735 a·
524 3692 548 3735 et
569 3687 593 3735 c’
617 3687 712 3737 Burer:
741 3686 864 3734 Africano
886 3685 952 3736 AP:
983 3684 1091 3733 Aframo
1113 3685 1196 3732 Burer
1214 3684 1272 3732 coni.

760 3861 792 3926 ⁶9
