2810 4350
536 347 861 407 PROLEGOMENA

200 521 278 594 1834
298 519 446 594 prolatum
467 516 579 593 primus
601 538 669 577 curn
692 519 737 578 ed.
755 520 801 578 Pr.
824 517 950 577 contulit
971 529 1000 578 et
1022 517 1197 596 insequente

196 643 277 683 anno
292 623 410 700 Lipsiae
425 623 526 683 edidit.

238 731 352 790 Natus¹
372 740 416 789 est
431 729 647 790 Amerbachius
669 750 694 789 a
714 748 788 807 1495
806 730 948 803 Basileae‚
965 730 1109 791 minimus
1125 731 1197 792 filio-

195 856 261 895 rum
301 836 423 896 Ioannis
459 822 650 897 Amerbachii
687 836 750 897 eius
786 837 838 914 qui
874 838 1053 916 Hieronymi
1089 839 1197 915 scripta

185 935 297 1002 edidit.
342 946 418 1002 Puer
439 945 520 1019 apud
541 945 716 1004 Conradum
739 944 941 1018 Leontorium,
958 944 1194 1018 Cisterciensem,

194 1048 370 1108 adulescens
390 1048 595 1127 (1507-1509)
618 1051 674 1109 sub
695 1049 819 1110 Hieron.
844 1050 991 1111 Gebwiler
1015 1051 1196 1111 Selestadiae

194 1155 347 1228 educatus,
377 1175 447 1214 mox
470 1155 501 1214 in
530 1155 677 1216 Basileam
705 1158 805 1228 redux,
835 1157 1000 1216 studiorum
1029 1157 1071 1217 ibi
1103 1158 1195 1217 duces

194 1259 298 1319 habuit
313 1261 444 1321 eruditos
459 1262 538 1322 uiros
553 1283 629 1338 quos
643 1261 674 1320 in
688 1265 814 1322 domum
829 1283 913 1322 suarn
927 1274 1010 1339 pater
1023 1265 1195 1340 adsumpse-

193 1376 245 1438 rat,
261 1365 349 1426 simul
364 1367 429 1440 sibi,
446 1367 533 1427 simul
548 1367 614 1428 filiis
628 1353 843 1445 praeceptor'eS,
859 1371 1046 1428 Matthaeum
1060 1371 1195 1429 Hadria-

194 1492 271 1545 num,
297 1473 440 1533 Hebraici
465 1473 609 1534 sermonis
633 1474 769 1550 peritum,
797 1474 1030 1535 Dominicanum
1054 1478 1194 1536 Ioannem

196 1577 306 1651 Cunn‘,
320 1579 415 1639 Marci
431 1580 548 1639 Musuri
562 1591 591 1640 et
606 1580 752 1656 Scipionis
768 1581 990 1642 Crateromachi
1005 1581 1192 1659 discipulum,

192 1683 311 1760 linguae
326 1685 449 1745 Latinae
464 1697 493 1745 et
509 1689 640 1746 Graecae
654 1685 761 1763 pariter
775 1686 939 1761 scientem,
960 1708 1029 1747 curn
1049 1687 1094 1748 his
1110 1688 1192 1768 (nam

193 1790 327 1850 Basileae
340 1793 517 1868 plerumque
535 1791 607 1852 uixit
627 1794 800 1866 Rhenanus
817 1793 952 1853 Cononis
967 1797 1098 1855 Graecus
1113 1796 1194 1856 audi-

191 1907 245 1969 tor,
272 1897 361 1957 simul
387 1909 421 1958 ut
448 1900 650 1975 typographeo
682 1898 870 1958 Frobeniano
898 1899 1020 1976 propius
1051 1903 1192 1981 uteretur)

191 2005 318 2062 Beatum
327 2006 503 2064 Rhenanam
519 2005 648 2084 (1485-r
654 2003 734 2084 547),
747 2025 845 2081 quem,
864 2017 968 2083 utpote
983 2008 1088 2067 decern
1107 2009 1193 2068 annis

191 2129 223 2169 se
238 2109 388 2184 maiorem,
405 2121 434 2171 et
454 2114 591 2170 doctorem
606 2133 692 2172 suum
714 2113 842 2187 appellat
860 2123 889 2171 et
910 2132 947 2172 eo
966 2113 1192 2176 familiarissimo

190 2227 281 2292 atque
295 2215 401 2276 intimo
415 2216 512 2276 amico
527 2237 644 2293 semper
658 2238 729 2277 usus
743 2228 795 2277 est.
840 2219 962 2277 Mortuo
974 2220 1101 2279 Conone
1116 2239 1191 2298 1513

190 2317 407 2382 Amerbachius
430 2323 601 2400 Friborgam
623 2344 654 2384 se
672 2324 805 2396 contulit,
822 2323 923 2400 ibique
944 2324 975 2383 in
990 2326 1082 2386 domo
1104 2329 1196 2386 Vlrici

190 2430 274 2488 Zusie'
299 2449 350 2488 sex
376 2449 471 2489 annos
499 2429 554 2489 iuri
587 2429 667 2490 ciuili
697 2429 840 2490 incubuit.
885 2433 1042 2490 Erasmum
1071 2453 1192 2511 quoque

190 2546 275 2594 norat
292 2546 322 2595 et
337 2537 525 2609 Glareanum,
541 2557 667 2612 quorum
689 2537 738 2596 hic
759 2557 835 2613 opus
856 2557 944 2596 suum
957 2539 1074 2597 Laudes
1086 2542 1192 2600 Helue-

189 2644 247 2702 tiae
261 2642 288 2702 ei
303 2642 422 2716 dicauit,
438 2643 487 2703 ille
502 2646 581 2702 tanti
592 2643 655 2703 eius
672 2663 801 2702 suurmae
813 2645 875 2721 spei
885 2645 1007 2702 indolem
1019 2645 1097 2721 secr't,
1114 2655 1150 2705 ut
1165 2657 1195 2708 et

188 2751 306 2808 subinde
320 2751 455 2808 leudibus
466 2749 564 2825 ferret
575 2758 603 2807 et
622 2752 701 2809 iuter
718 2752 845 2808 eruditos
856 2751 976 2826 prunas
995 2771 1059 2809 eum
1080 2765 1191 2830 occupa-

190 2865 289 2915 turum
303 2857 461 2915 cenr'ceret³.
499 2859 648 2916 Reuersus
664 2857 811 2917 Basileam
830 2867 894 2916 turn
913 2856 983 2917 iuris
997 2861 1188 2934 professione,

189 2977 253 3025 turn
270 2968 384 3026 Graeca
404 2977 434 3025 et
449 2965 556 3025 Latina
577 2966 743 3026 eruditione
758 2965 839 3026 docti
860 2985 972 3025 nomen
990 2968 1096 3027 meruit
1115 2969 1190 3029 inter

188 3074 336 3148 aequales
353 3092 451 3148 neque
464 3083 533 3132 ante
548 3093 660 3132 annum
679 3076 752 3150 1562
770 3083 903 3131 mortuus
917 3083 969 3132 est.

231 3180 276 3236 Ex
304 3177 521 3254 subscriptione
549 3197 639 3254 quam
668 3177 699 3236 in
723 3179 782 3236 fine
806 3176 968 3254 apographi
991 3177 1036 3236 sui
1064 3178 1187 3254 addidit,

190 3283 299 3343 scimus
311 3284 544 3343 Amerbachium
558 3284 590 3344 id
605 3284 768 3344 confecisse
783 3285 865 3342 tertre
875 3285 921 3342 ld.
932 3285 1056 3358 August.
1072 3298 1187 3340 rennui.

222 3395 229 3424 ¹
248 3397 365 3454 Fechter,
377 3398 535 3447 DieAmerb.
549 3397 677 3458 Absclm'ft
687 3397 728 3444 des
742 3395 770 3444 V.
783 3395 814 3445 P.
826 3411 850 3456 p.
864 3411 886 3455 5.

220 3473 320 3522 ²Curio
338 3475 393 3522 siue
411 3476 484 3523 Cono
496 3476 538 3523 uel
556 3476 646 3523 Conon
661 3473 881 3533 Norimbergensis
899 3472 963 3519 duos
981 3472 1090 3532 amplius
1107 3489 1189 3522 annos
1220 3511 1223 3518 ,

189 3568 245 3600 curn
264 3551 442 3600 Amerbachiis
465 3554 524 3614 egit,
545 3561 711 3613 mortuusque
735 3557 774 3599 est
797 3550 1025 3626 Basileaebmense
1049 3550 1188 3599 Februario

188 3647 209 3678 a.
225 3644 287 3690 1513
301 3630 333 3692 (F
335 3630 430 3692 echter,
444 3647 468 3692 p.
481 3635 516 3692 6).

221 3709 230 3738 ³
249 3709 391 3758 Rhenanus
403 3710 428 3757 in
443 3711 558 3772 Epistula
569 3727 610 3772 ap.
625 3710 783 3770 Fechterum,
798 3723 823 3768 p.
837 3723 859 3768 7.

666 3799 702 3846 xii
