2810 4350
608 296 738 357 manu
755 254 793 355 '11

108 537 113 548 Ι
200 464 329 544 amplius
349 483 368 525 c
389 466 472 526 milia
493 463 658 525 hominum.
701 466 758 524 hac
779 463 903 525 uictoria
923 463 1041 526 uidetur
1061 465 1203 527 meruisse

202 563 324 637 Marius,
336 584 375 623 ne
391 562 454 623 eius
468 561 531 622 nati
544 581 607 621 rem
621 562 772 639 publicam
786 561 958 640 paeniteret,
973 581 1009 622 ac
1024 564 1102 622 mala
1116 563 1203 623 bonis

202 681 382 738 repensasse.
425 670 524 720 sextus
552 659 723 718 consulatus
751 657 844 720 ueluti
871 657 1036 736 praemium
1064 658 1092 719 ei
1119 661 1231 720 meri-6

201 769 299 818 torum
314 759 409 817 datus.
453 767 629 816 nontamen
644 755 731 815 huius
746 757 917 816 consulatus
934 757 1085 816 fraudetur
1101 757 1201 833 gloria,

174 875 263 933 squo
290 853 396 915 Seruili
424 852 566 914 Glauciae
596 852 806 930 Saturninique
832 853 942 930 Apulei
972 856 1101 914 furorem
1134 873 1203 914 con-

201 951 322 1012 tinuatis
336 949 500 1010 honoribus
514 969 577 1009 rem
591 949 742 1026 publicam
759 950 951 1010 lacerantium
966 961 996 1011 et
1012 950 1117 1028 gladiis
1132 972 1203 1029 quo

202 1070 260 1127 que
275 1060 305 1109 et
319 1050 411 1108 caede
425 1047 546 1108 comitia
556 1047 787 1121 discutientium,
800 1050 905 1109 consul
915 1048 1003 1109 armis
1018 1049 1202 1126 compescuit

203 1145 399 1222 hominesque
414 1144 576 1205 exitiabiles
590 1144 621 1204 in
637 1144 768 1204 Hostilia
782 1145 863 1204 curia
877 1156 972 1206 morte
987 1145 1131 1206 multauit.

245 1242 364 1303 Deinde
378 1241 537 1302 interiectis
551 1241 654 1319 paucis
667 1242 754 1302 annis
765 1241 947 1302 tribunatum
962 1242 1027 1302 iniit
1042 1245 1085 1304 M.
1099 1242 1202 1304 Liuius
1217 1259 1250 1316 13

158 1364 189 1398 10
204 1344 328 1419 Drusus,
364 1338 409 1398 uir
442 1338 653 1412 nobilissimus,
687 1338 956 1415 eloquentissimus,
990 1339 1201 1413 sanctissimus,

203 1437 324 1498 meliore
351 1436 382 1496 in
411 1435 512 1496 omnia
536 1435 656 1513 ingenio
680 1435 842 1514 animoque
866 1457 957 1514 quam
979 1439 1097 1497 fortuna
1121 1459 1199 1497 usus.

135 1575 137 1582 ,
201 1535 254 1613 qui
268 1555 337 1595 cum
352 1534 467 1594 senatui
481 1533 611 1611 priscum
628 1533 780 1594 restituere
797 1546 918 1612 cuperet
937 1536 1029 1596 decus
1046 1547 1076 1596 et
1092 1535 1203 1598 iudicia
1219 1557 1230 1589 2

201 1633 240 1692 ab
261 1631 411 1709 equitibus
431 1633 471 1691 ad
488 1651 557 1691 eum
572 1633 726 1690 transferre
743 1630 879 1692 ordinem
894 1631 1018 1710 (quippe
1037 1653 1104 1692 eam
1123 1647 1203 1710 pote-

202 1741 308 1790 statem
336 1728 416 1789 nacti
443 1728 557 1805 equites
586 1727 767 1789 Gracchanis
795 1728 909 1806 legibus
937 1750 1006 1790 cum
1034 1730 1065 1790 in
1094 1735 1203 1792 multos

159 1847 188 1896 15
202 1826 380 1887 clarissimos
400 1836 490 1901 atque
511 1823 771 1885 innocentissimos
792 1825 871 1886 uiros
892 1826 1064 1901 saeuissent,
1087 1839 1151 1888 tum
1170 1833 1201 1890 P.

203 1923 358 1996 Rutilium,
374 1922 471 1982 uirum
491 1942 552 1982 non
572 1921 682 1982 saeculi
700 1921 755 1995 sui,
771 1923 824 1982 sed
843 1922 941 1983 omnis
959 1924 1027 1984 aeui
1045 1925 1201 2001 optimum,

202 2021 413 2098 interrogatum
430 2021 495 2096 lege
515 2021 746 2097 repetundarum
767 2020 897 2081 maximo
916 2041 986 2081 cum
1002 2022 1114 2099 gemitu
1134 2023 1203 2083 ciui-

202 2119 275 2179 tatis
285 2115 521 2196 damnauerant),
536 2116 567 2176 in
582 2116 617 2177 iis
632 2116 712 2194 ipsis,
728 2137 805 2194 quae
819 2137 873 2195 pro
892 2129 996 2178 senatu
1016 2119 1201 2193 moliebatur,

203 2228 340 2300 senatum
360 2214 465 2276 habuit
484 2214 686 2275 aduersarium
708 2235 770 2275 non
791 2215 1020 2294 intellegentem,
1041 2217 1065 2277 si
1086 2238 1146 2294 qua
1164 2221 1202 2278 de

160 2341 190 2375 20
203 2314 299 2391 plebis
327 2311 494 2373 commodis
521 2313 561 2372 ab
585 2331 622 2372 eo
649 2324 812 2389 agerentur,
838 2313 931 2373 ueluti
957 2313 1137 2375 inescandae
1161 2315 1203 2375 in-

203 2410 408 2487 liciendaeque
423 2408 620 2469 multitudinis
635 2429 724 2469 causa
738 2409 808 2482 fieri,
825 2421 857 2469 ut
875 2409 1039 2471 minoribus
1055 2413 1202 2490 perceptis

202 2507 314 2568 maiora
340 2506 529 2584 permitteret.
587 2506 718 2584 denique
745 2527 781 2567 ea
810 2510 929 2567 fortuna
950 2508 1048 2568 ¹Drusi
1077 2508 1141 2582 suit,
1170 2522 1229 2582 ut3

201 2607 356 2664 malefacta
384 2607 562 2680 collegarum
596 2603 733 2680 quamuis
766 2603 878 2681 optime
905 2605 943 2664 ab
971 2604 1037 2682 ipso
1068 2605 1202 2683 cogitatis

202 2713 322 2762 senatus
335 2701 474 2778 probaret
488 2700 590 2778 magis,
606 2712 635 2761 et
649 2703 804 2775 honorem,
820 2701 872 2779 qui
890 2702 929 2762 ab
949 2721 986 2762 eo
1005 2703 1200 2776 deferebatur,

158 2831 186 2879 25
202 2810 361 2876 sperneret,
374 2798 502 2872 iniurias,
515 2818 592 2875 quae
606 2799 644 2858 ab
659 2799 723 2858 aliis
738 2798 977 2873 intendebantur,
989 2819 1087 2876 aequo
1100 2801 1201 2860 animo

202 2894 353 2972 reciperet,
369 2907 398 2955 et
415 2895 503 2956 huius
520 2916 655 2956 summae
673 2895 782 2973 gloriae
801 2895 956 2969 inuideret,
971 2896 1089 2957 illorum
1109 2898 1205 2958 modi-

202 3013 268 3053 cam
282 2995 377 3052 ferret.

237 3164 249 3196 1
268 3147 362 3198 EAP:
378 3150 410 3198 ῐδ
426 3148 554 3197 Puteanus
569 3155 592 3197 el
608 3150 708 3213 Lips'us
806 3166 821 3198 a
839 3150 905 3198 mala
921 3149 994 3198 bonis
1006 3150 1118 3198 Boecler:
1134 3151 1201 3199 bona

203 3215 275 3263 malis
285 3213 354 3262 AP:
371 3214 444 3262 bonis
460 3215 527 3263 mala
543 3214 646 3264 Cludius
744 3215 1086 3281 gprgmiefflmpraemium
1104 3217 1114 3278 (
1134 3217 1157 3275 ¹)
1174 3217 1199 3263 A

201 3294 217 3341 5
235 3281 345 3343 Appulei
364 3281 484 3344 Kreyssr'g
580 3295 595 3342 7
612 3280 788 3329 consularibus
810 3281 887 3329 armis
902 3279 1033 3328 Ao'dulr'us
1125 3291 1202 3344 cope-

202 3346 266 3394 scuii
277 3344 303 3392 A
391 3347 408 3393 8
426 3345 568 3393 exitiabiles
579 3353 700 3408 suprascr.
714 3346 832 3394 exitiales
842 3345 869 3392 A
937 3345 1102 3394 mulctauitA
1115 3362 1121 3393 :
1139 3348 1202 3395 mul-

202 3409 303 3460 tauitP
401 3426 431 3472 19
449 3410 633 3469 intelligentem
645 3410 699 3458 ΑΡ
769 3427 802 3459 20
818 3411 957 3458 inescande
975 3412 1199 3472 inliciendequeA

203 3492 232 3526 ar
251 3477 398 3539 praeceptis
416 3481 438 3524 et
452 3476 631 3538 permitterent
647 3475 766 3524 Heinsius
784 3477 816 3536 (et
832 3476 960 3538 Bentleyl:
978 3477 1040 3538 sort.
1061 3478 1201 3526 remitteret

202 3558 234 3604 23
250 3543 367 3603 quamuis
383 3542 429 3590 A:
448 3557 525 3603 quam
542 3541 598 3589 eius
614 3540 654 3590 P:
675 3541 731 3589 eius
747 3556 822 3602 quam
838 3540 979 3590 Ruhnken:
1002 3559 1076 3604 quam
1094 3545 1201 3604 quaeuis

202 3607 325 3655 Frorhlicu
403 3607 522 3669 cogitatis
537 3607 638 3669 sm'psr':
665 3607 774 3668 cogitata
784 3605 840 3653 ΑΡ
938 3623 969 3668 24
986 3603 1200 3658 deterrebatur-A

202 3687 233 3732 25
251 3673 306 3721 aliis
326 3672 394 3720 AP:
417 3673 467 3721 illis
482 3673 606 3722 Ruhnken
672 3675 705 3721 26
721 3673 845 3721 modicam
860 3670 928 3721 AP:
950 3673 1104 3723 inmodicam
1118 3673 1201 3724 Halm

203 3753 233 3799 27
247 3739 351 3787 efferret
361 3738 460 3787 Alstm

688 3828 718 3878 31
