3050 4350
597 324 752 384 VELLEI
774 322 1016 383 PATERCVLI

312 492 504 556 memorabile
518 494 574 554 sub
588 492 671 553 initia
684 491 898 569 stipendiorum
908 511 1042 552 meorum
1053 489 1172 550 tribuno
1183 488 1310 549 militum

285 600 386 673 3smihi
399 600 494 660 uisere
514 598 653 677 contigit:
675 618 765 675 quem
785 596 906 657 militiae
926 598 1050 673 gradum
1070 606 1139 655 ante
1158 594 1214 653 sub
1228 604 1311 671 patre

311 710 372 772 tun,
390 701 432 757 M.
449 695 556 769 Vinici,
572 707 602 756 et
616 699 647 755 P.
665 695 736 756 Silio
750 694 918 772 auspicatus
933 693 964 753 in
978 692 1105 753 Thracia
1121 691 1311 752 Maoedonia-

312 816 379 874 que,
403 816 473 856 mox
496 794 611 855 Achaia
634 793 765 872 Asiaque
789 805 819 853 et
841 792 980 853 omnibus
1002 794 1041 852 ad
1064 791 1217 852 Orientem
1240 789 1311 850 uisis

311 893 472 973 prouinciis
494 904 523 953 et
544 913 594 953 ore
615 902 705 968 atque
725 902 852 968 utroque
873 889 960 949 maris
978 887 1095 949 Pontici
1116 890 1214 960 latere,
1230 889 1339 947 haud5

311 993 475 1053 iniucunda
488 1002 532 1051 tot
547 1011 651 1063 rerum,
665 992 807 1062 locorum,
819 987 961 1066 gentium,
973 987 1091 1047 urbium
1106 985 1311 1047 recordatione
1346 1017 1353 1028 =

312 1093 451 1169 perfruor.
494 1089 573 1167 prior
592 1090 717 1148 Parthus
736 1090 818 1165 apud
832 1087 941 1148 Gaium
960 1086 991 1146 in
1011 1097 1111 1146 nostra
1129 1085 1199 1163 ripa,
1216 1095 1312 1162 poste-

312 1191 371 1251 rior
385 1189 433 1249 hic
447 1191 528 1266 apud
542 1207 641 1264 regern
656 1186 686 1245 in
701 1186 801 1246 hostili
815 1189 950 1264 epulatus
965 1196 1017 1245 est.

243 1305 301 1350 102
355 1290 425 1365 Quo
446 1300 580 1365 ternpore
605 1290 648 1346 M.
668 1287 753 1360 Lolli,
777 1307 867 1364 quem
897 1285 988 1346 ueluti
1021 1287 1238 1345 moderatorem
1272 1282 1313 1342 iu-

312 1398 420 1447 uentae
451 1385 503 1445 filii
538 1385 583 1445 sui
618 1389 769 1463 Augustus
807 1404 871 1444 esse
909 1385 1051 1456 uoluerat,
1090 1381 1244 1459 perfidiam
1282 1391 1312 1440 et
1328 1411 1358 1447 10

312 1487 401 1563 plena
423 1483 542 1544 subdoli
563 1505 599 1544 ac
619 1483 730 1544 uersuti
750 1483 842 1542 animi
867 1481 998 1554 consilia,
1024 1502 1076 1558 per
1107 1481 1249 1540 Parthum
1271 1478 1313 1538 in-

314 1581 412 1642 dicata
440 1581 559 1643 Caesari
591 1584 670 1640 fama
701 1580 851 1658 uulgauit:
884 1579 967 1640 cuius
996 1600 1076 1639 mors
1101 1579 1177 1638 intra
1200 1599 1313 1656 paucos

302 1678 378 1739 dies
414 1677 534 1738 fortuita
564 1699 602 1737 an
641 1677 807 1738 uoluntaria
836 1677 922 1737 fuerit
958 1677 1069 1754 ignoro.
1135 1679 1188 1737 sed
1223 1697 1313 1753 quarn

315 1777 396 1835 hunc
423 1775 585 1835 decessisse
615 1774 714 1834 laetati
743 1774 888 1847 homines,
918 1786 978 1833 tam
1006 1776 1096 1851 paulo
1123 1785 1191 1851 post
1216 1773 1314 1834 obisse

316 1875 515 1937 Censorinum
546 1875 576 1934 in
611 1875 716 1935 iisdem
748 1873 909 1952 prouinciis
943 1873 1070 1951 grauiter
1103 1873 1170 1932 tulit
1201 1873 1313 1947 ciuitaS‚
1330 1901 1359 1952 ¹5

288 2005 300 2039 2
316 1972 413 2032 uirum
432 1973 619 2034 demetendis
640 1973 812 2034 hominibus
831 1971 971 2050 genitum.
1015 1971 1188 2032 Armeniam
1205 1972 1315 2033 deinde

321 2072 416 2132 Gaius
436 2071 582 2149 ingressus
603 2071 698 2149 prima
718 2084 800 2149 parte
821 2071 956 2132 introitus
975 2091 1115 2148 prospere
1133 2092 1192 2130 rem
1209 2069 1298 2147 gessit
1308 2091 1317 2143 3

318 2188 388 2228 mox
415 2168 446 2227 in
474 2169 632 2246 colloquio,
662 2169 710 2229 cui
738 2189 769 2229 se
797 2181 907 2229 temere
932 2169 1104 2242 crediderat,
1134 2168 1211 2227 circa
1234 2171 1318 2227 Arta-

318 2286 417 2343 geram
450 2266 576 2343 grauiter
605 2287 624 2325 a
655 2269 795 2344 quodam,
826 2266 948 2327 nomine
981 2269 1101 2339 Addu0‚
1135 2268 1315 2337 uulneratus,

318 2385 412 2425 exeo
437 2375 469 2424 ut
493 2384 600 2441 corpus
623 2363 721 2424 minus
745 2363 852 2436 habile,
876 2363 915 2423 ita
937 2363 1070 2423 animum
1096 2362 1193 2422 minus
1214 2361 1317 2422 utilem
1333 2391 1364 2426 20

291 2461 360 2539 3rei
381 2461 519 2539 publicae
541 2462 650 2522 habere
672 2461 776 2539 coepit.
820 2482 877 2520 nec
901 2461 995 2522 defuit
1018 2459 1203 2521 conuersatio
1224 2458 1319 2519 horni-

319 2579 392 2618 num
414 2558 486 2618 uitia
506 2558 569 2618 eius
586 2558 791 2619 adsentatione
808 2558 950 2618 alentium
966 2558 1088 2638 (etenim
1106 2578 1222 2635 semper
1241 2577 1319 2634 mag-

320 2677 377 2716 nae
401 2659 536 2718 fortunae
564 2677 664 2716 comes
687 2659 771 2717 adest
795 2655 947 2736 adulatio),
972 2676 1024 2734 per
1046 2675 1122 2733 quae
1147 2676 1184 2715 eo
1212 2658 1319 2716 ductus

357 2829 368 2860 1
387 2813 413 2859 in
424 2813 450 2859 A
470 2813 570 2860 inducta
581 2819 617 2860 est
623 2814 708 2874 pnnea
721 2815 798 2861 lrltera
809 2829 834 2860 m
848 2813 867 2875 (l
880 2814 918 2872 in)
932 2813 1046 2861 uocabuli
1054 2829 1169 2861 meorum
1249 2828 1265 2873 3
1283 2813 1316 2863 M.

321 2877 403 2926 Vinici
415 2878 474 2938 ΑΡ,
488 2878 531 2924 sed
540 2877 623 2926 Burer
631 2879 760 2926 aduolauit
770 2879 954 2926 Murbacenseen
969 2880 1003 2926 sic
1016 2879 1101 2926 habere
1112 2884 1140 2926 ut
1146 2879 1231 2940 potius
1243 2879 1318 2941 legen-

248 2947 252 2960 ”
322 2943 385 2990 dum
397 2944 543 2990 existimaret
557 2944 592 2992 M.
603 2944 703 2992 Vinicio
786 2962 801 3005 4
818 2945 879 2996 uisis
891 2945 958 2993 AP:
978 2945 1056 2992 ‘altiss
1073 2943 1148 2992 usus’
1165 2944 1319 2993 Rhenanus:

315 3009 424 3070 fortasse
435 3024 532 3070 uersus,
548 3008 724 3058 utBolheconi.
794 3011 963 3070 7GaiumA:
981 3010 1102 3058 CaiumP
1164 3026 1180 3071 9
1199 3009 1323 3058 LolliAP

323 3075 444 3122 iuuaentae
457 3074 483 3120 A
553 3091 584 3122 10
601 3076 709 3135 perfidia
720 3074 756 3136 A,
771 3075 839 3136 quod
847 3077 950 3123 correxit
967 3077 1066 3136 perfida
1082 3075 1108 3122 P
1173 3091 1202 3122 12
1215 3076 1320 3124 Caesari

323 3140 390 3188 sarna
407 3157 430 3187 u.
448 3140 563 3201 Lipsius:
581 3141 700 3189 Caesaris
711 3143 759 3188 iam
771 3143 902 3202 auulgauit
915 3142 974 3189 ΑΡ.
1009 3141 1075 3189 Ple'n.
1088 3140 1124 3188 H.
1142 3139 1175 3187 N.
1186 3158 1210 3203 9.
1221 3143 1267 3189 118
1280 3143 1320 3189 hic

324 3211 363 3253 est
382 3206 528 3266 rapinarum
550 3207 639 3261 exitus
660 3208 709 3254 hoc
726 3207 772 3255 fuit
794 3223 872 3268 quare
897 3208 931 3255 M.
956 3207 1053 3255 Lollius
1075 3206 1210 3254 infamatus
1232 3222 1320 3267 regum

323 3272 470 3319 muneribus
482 3271 508 3318 in
521 3278 575 3319 toto
588 3272 695 3319 Oriente
707 3273 842 3320 interdicta
854 3273 963 3321 amicitia
971 3288 986 3320 a
995 3274 1022 3320 C.
1032 3271 1260 3333 CaesareAugusti
1269 3273 1321 3320 filio

325 3352 452 3384 uenenum
464 3337 564 3385 biberet
632 3353 661 3397 13
678 3338 755 3385 suerit
776 3339 876 3399 dignior
893 3339 936 3386 A:
956 3338 1032 3386 suerit
1051 3339 1142 3399 ignoro
1161 3335 1201 3385 P:
1214 3339 1324 3400 sortasse

325 3401 429 3450 fortuita
441 3419 473 3449 arr
486 3403 629 3450 uoluntaria
641 3403 716 3452 suerit
724 3405 859 3464 indignior,
871 3405 959 3451 nescio
1027 3419 1056 3464 14
1074 3403 1200 3451 obiisseA
1212 3421 1217 3451 :
1236 3405 1322 3451 odisse

326 3468 440 3528 marg.A
452 3485 458 3516 ε
476 3468 561 3515 obisse
579 3465 605 3515 P
676 3484 705 3530 17
724 3469 803 3517 Gaius
820 3469 876 3518 add.
896 3471 996 3517 Kruuse
1067 3485 1121 3516 rem
1133 3469 1188 3516 add.
1202 3469 1323 3516 Heinsius

328 3534 358 3579 18
376 3533 511 3593 conloquio
525 3534 651 3583 Gelenius:
670 3535 832 3594 conloquium
844 3536 911 3594 (coll.
925 3535 963 3596 A)
985 3535 1040 3581 ΑΡ
1120 3550 1178 3581 cum
1200 3542 1323 3596 suprascr.

326 3598 366 3644 cui
377 3598 402 3644 A
493 3599 619 3658 Artagera
635 3599 748 3647 Muretus
761 3616 790 3647 ex
802 3601 903 3648 Zonara
912 3609 940 3662 p.
955 3614 1004 3662 539
1015 3601 1057 3648 D:
1079 3599 1231 3660 Artageram
1243 3599 1325 3648 uendi·

325 3664 391 3710 cauit
405 3663 515 3711 Thomas
521 3671 548 3726 p.
563 3680 593 3711 12
670 3681 701 3726 23
719 3681 805 3714 comes
816 3671 856 3713 est
866 3664 893 3712 A

805 3821 851 3855 112
