3050 4350
633 335 788 394 VELLEI
811 335 1052 396 PATERCVLI

334 514 442 576 rentur,
466 523 562 581 paene
583 503 660 564 inter
681 502 802 564 ultimos
824 503 1018 581 interrogatus
1043 501 1229 576 sententiam,
1252 512 1334 562 tanta

334 601 365 662 ui
389 603 480 662 animi
504 614 594 679 atque
621 602 721 679 ingeni
745 601 881 663 inuectus
905 613 950 662 est
973 601 1005 661 in
1029 601 1273 673 coniurationem,
1297 620 1334 661 eo

333 701 438 760 ardore
452 699 511 760 oris
525 699 690 760 orationem
710 699 844 760 omnium
863 699 1015 759 lenitatem
1035 697 1223 758 suadentium
1243 697 1335 758 socie·

304 806 393 856 4tate
416 796 521 856 consili
542 807 710 873 suspectam
732 796 810 869 fecit,
833 795 876 856 sic
895 795 1101 873 impendentia
1122 815 1159 854 ex
1178 793 1270 854 ruinis
1291 793 1335 852 in-

332 894 507 972 cendiisque
531 895 612 955 urbis
634 906 664 955 et
691 893 925 954 commutatione
950 905 1042 954 status
1066 892 1179 969 publici
1202 891 1362 969 pericula5

332 991 476 1068 exposuit,
502 991 543 1052 ita
569 992 699 1052 consulis
724 992 863 1052 uirtutem
891 990 1091 1068 amplificauit,
1116 1002 1150 1051 ut
1177 989 1332 1050 uniuersus

332 1100 451 1148 senatus
473 1089 505 1148 in
527 1089 590 1149 eius
615 1089 793 1149 sententiam
817 1077 951 1149 transiret
972 1087 1332 1164 animaduertendumque

330 1183 362 1244 in
387 1205 447 1258 eos,
468 1205 543 1263 quos
565 1185 772 1263 praediximus,
795 1196 927 1246 censeret
952 1185 1105 1262 maiorque
1128 1204 1195 1262 pars
1219 1185 1332 1246 ordinis

302 1281 393 1349 5eius
423 1283 570 1343 Catonem
597 1294 845 1359 prosequerentur
872 1284 1004 1342 domum.
1055 1293 1086 1342 at
1113 1282 1242 1344 Catilina
1268 1303 1330 1343 non

330 1378 449 1455 segnius
463 1391 571 1438 conata
585 1379 667 1452 obiit,
683 1399 773 1456 quam
788 1379 905 1439 sceleris
920 1379 1050 1439 conandi
1066 1379 1190 1440 consilia
1208 1379 1330 1439 inierat:
1348 1400 1378 1434 10

331 1475 442 1553 quippe
451 1475 609 1535 fortissime
618 1475 772 1549 dimicans,
783 1495 873 1553 quem
884 1476 1027 1536 debuerat
1038 1475 1184 1552 supplicio
1195 1476 1330 1552 spiritum

331 1572 468 1632 reddidit.

275 1675 317 1745 36
372 1670 548 1731 Consulatui
559 1670 712 1733 Ciceronis
726 1691 788 1731 non
802 1670 954 1731 mediocre
966 1669 1075 1731 adiecit
1086 1672 1177 1733 decus
1192 1682 1278 1731 natus
1293 1692 1330 1732 eo

330 1787 410 1827 anno
420 1767 507 1828 diuus
517 1770 668 1844 Augustus
677 1767 787 1828 abhinc
795 1767 1184 1840 annos†1.xxx11,omnibus
1193 1768 1328 1828 omnium

302 1864 461 1941 agentium
479 1865 548 1925 uiris
568 1864 771 1942 magnitudine
790 1885 844 1925 sua
864 1865 1038 1925 inducturus
1061 1865 1225 1942 caliginem.
1268 1865 1328 1924 iam
1345 1887 1376 1936 15

328 1982 425 2039 paene
439 1983 692 2040 superuacaneum
707 1963 801 2023 uideri
815 1975 913 2040 potest
932 1962 1127 2023 eminentium
1142 1963 1327 2040 ingeniorum

328 2072 431 2121 notare
458 2073 600 2138 tempora.
654 2061 720 2139 quis
748 2061 827 2122 enim
856 2061 970 2139 ignorat
998 2061 1161 2137 diremptos
1188 2061 1327 2138 gradibus

327 2157 431 2218 aetatis
442 2159 576 2219 flomisse
586 2161 645 2218 hoc
656 2170 790 2235 tempore
801 2158 986 2231 Ciceronem,
1000 2157 1205 2231 Hortensium,
1220 2167 1329 2218 †sane-

327 2274 386 2331 que
406 2257 555 2327 Crassum,
574 2257 756 2329 †Catonem,
777 2255 949 2332 Sulpicium,
973 2275 1102 2332 moxque
1123 2259 1257 2328 Brutum,
1274 2257 1329 2317 Ca-

327 2353 441 2426 lidium,
458 2353 602 2426 Caelium,
624 2355 751 2415 Caluum
770 2365 800 2414 et
818 2353 985 2430 proximum
1009 2352 1147 2414 Ciceroni
1170 2354 1327 2414 Caesarem
1344 2385 1375 2419 20

326 2470 490 2527 eorumque
505 2453 587 2510 uelut
601 2453 737 2510 alumnos
752 2450 917 2513 Coruinum
936 2471 972 2510 ac
991 2450 1158 2510 Pollionem
1179 2450 1325 2523 Asinium,

326 2548 538 2624 aemulumque
552 2547 737 2623 Thucydidis
752 2547 932 2620 Sallustium,
947 2557 1143 2624 auctoresque
1162 2547 1326 2607 carminum

325 2642 491 2701 Varronem
508 2662 544 2701 ac
564 2641 734 2701 Lucretium
758 2662 855 2720 neque
878 2644 939 2703 ullo
958 2641 989 2701 in
1012 2642 1142 2719 suscepti
1163 2643 1260 2720 operis
1282 2643 1327 2703 sui

358 2829 369 2861 r
388 2830 456 2876 pene
468 2813 493 2860 A
605 2830 621 2862 a
638 2813 735 2876 ingenii
746 2814 801 2862 AP
863 2832 895 2864 eo
906 2815 1024 2878 Lipsius:
1040 2821 1067 2864 et
1078 2814 1132 2862 ΑΡ
1235 2832 1252 2879 3
1268 2831 1326 2865 sua·

323 2881 439 2928 dentium
447 2880 489 2934 bis,
501 2895 569 2927 eraso
584 2881 721 2943 posten'orr,
732 2880 758 2927 A
858 2879 971 2945 4lnp.A
1071 2894 1087 2941 5
1105 2891 1172 2931 com.
1183 2880 1210 2927 A
1309 2885 1326 2930 ὁ

322 2945 436 2994 consulis
450 2945 578 2993 Gelenius:
596 2946 699 2993 consilis
711 2946 752 2994 B:
770 2946 869 2994 consilii
881 2945 935 2992 ΑΡ
998 2961 1015 3006 9
1029 2945 1182 2994 Ciceronem
1193 2946 1329 3010 Hottinger

323 3027 375 3059 non
383 3012 487 3071 segnius
500 3026 550 3060 om.
562 3011 589 3058 in
600 3016 673 3072 textu,
688 3010 745 3058 add.
758 3011 784 3058 in
797 3028 878 3074 marg.
889 3011 915 3057 A
1028 3026 1058 3058 ro
1075 3018 1167 3060 conata
1178 3011 1326 3062 Ao’dalius:

323 3084 383 3125 nota
394 3077 432 3124 B:
450 3082 510 3124 uota
521 3075 576 3122 ΑΡ
641 3077 765 3124 intererat
775 3077 801 3123 A
898 3091 926 3123 11
944 3091 969 3136 q.
982 3077 1039 3126 deb.
1052 3091 1126 3139 supp.
1140 3078 1200 3138 spir.
1215 3079 1326 3127 reddidit

321 3142 407 3205 scn'psi
414 3158 421 3189 t
448 3157 525 3203 quem
547 3157 585 3202 sp.
607 3141 728 3202 supplitio
751 3142 875 3191 debuerat
898 3142 1009 3189 reddidit
1031 3142 1076 3190 A:
1104 3158 1180 3203 quem
1202 3158 1240 3204 sp.
1265 3159 1324 3206 sup·

321 3207 399 3268 plicio
417 3207 540 3255 debuerat
562 3207 689 3269 supplicio
710 3208 819 3255 reddidit
839 3206 865 3253 P
1020 3222 1050 3268 13
1067 3209 1100 3256 de
1120 3209 1176 3256 eius
1195 3208 1249 3268 del,
1270 3210 1324 3257 dein

321 3271 569 3399 {tatastat
594 3272 885 3400 ..tttttff‘ltltt
907 3272 1164 3388 utilitati..
1177 3275 1325 3402 ltili

321 3404 421 3464 hosque
437 3405 477 3450 uel
486 3404 585 3464 hosque
597 3412 672 3453 ante:
691 3405 763 3450 uerba
774 3418 888 3464 saneque
900 3403 1022 3451 Crassum
1039 3405 1165 3452 Catonem
1181 3405 1323 3466 Sulpicium

321 3468 467 3530 interpolata
483 3469 600 3516 iudicauit
615 3468 705 3516 Nooa'k
719 3484 776 3516 cum
793 3469 845 3516 riam
862 3483 886 3528 9.
904 3485 919 3516 a
937 3469 1022 3516 Crassi
1034 3468 1174 3532 Sulpr'a'que
1190 3471 1275 3518 im'ecta
1290 3472 1324 3519 sit

321 3535 412 3581 mentio
431 3550 473 3581 nec
483 3534 640 3596 probabiliter
654 3535 718 3582 inter
734 3535 844 3594 aequalis
864 3535 971 3581 omissus
987 3535 1020 3580 sit
1035 3534 1165 3582 Antonius
1292 3551 1323 3597 19

320 3599 444 3647 Catonem
461 3598 515 3645 ΑΡ
523 3617 529 3647 ι
546 3599 649 3648 Cottam
661 3599 747 3646 Aldus
855 3614 887 3646 aa
905 3599 1043 3647 Salustium
1055 3599 1114 3662 ΑΡ,
1128 3599 1173 3646 sed
1184 3615 1244 3648 mox
1258 3601 1320 3650 Sall.

318 3663 345 3712 A
364 3729 379 3777 b
396 3730 430 3778 bd
441 3680 473 3724 23
489 3665 602 3726 suscepti
614 3665 730 3728 Lipsius:
749 3665 862 3726 suspecti
874 3663 941 3713 AP:
960 3664 1099 3726 insuspecti
1111 3665 1146 3715 A.
1159 3664 1264 3713 Palmer
1278 3667 1324 3716 uix

315 3738 364 3794 pro
380 3746 395 3777 a
417 3731 475 3778 ‘iter

802 3909 835 3960 54
