2810 4350
555 369 881 429 PROLEGOMENA

219 540 336 597 uerbum
350 539 462 614 quedem
477 539 667 598 intellexisse:
686 541 756 597 adeo
770 540 868 598 omnia
882 546 969 597 crant
984 537 1101 613 confusa
1115 540 1218 614 absque

219 646 288 704 ullis
293 647 413 721 punctis
426 653 482 704 out
492 646 726 704 distinctionibus.
774 645 861 720 Quod
877 645 907 704 si
918 652 949 703 tn
968 646 1052 704 scires
1069 665 1156 721 quam
1170 665 1218 721 ego

218 752 377 810 laborarirn
408 752 440 809 in
467 751 525 809 biis
548 751 726 826 fragmentis
753 759 893 826 utcunque
921 752 1110 825 restituendis,
1139 754 1219 810 aedo

208 857 350 933 fateberis
364 865 389 917 te
403 859 478 917 mibi
489 878 546 916 non
561 859 640 916 nibil
650 860 752 917 debere.
791 859 892 934 Neque
905 859 980 917 enirn
994 860 1064 934 quea
1079 866 1110 916 tu
1125 862 1219 916 inulta

218 965 321 1038 absque
340 963 490 1039 offlnsr'one
510 965 585 1039 legis,
609 965 711 1022 cda'rco
730 965 815 1023 codex
827 967 942 1040 planus
961 972 1044 1023 erat:
1064 965 1122 1023 imo
1143 965 1224 1023 nibil

217 1076 283 1127 erat
305 1089 362 1127 non
387 1072 599 1145 deprauatum:
629 1070 661 1128 in
683 1070 806 1145 singulis
822 1078 897 1145 pene
919 1071 1013 1128 uerbis
1036 1070 1217 1128 haerebatur.

217 1176 401 1233 Fatebuntur
431 1196 474 1234 nse
506 1196 576 1235 uera
608 1177 705 1250 dicere,
738 1177 896 1251 quecunque
930 1183 1072 1234 uetustum
1102 1177 1218 1235 codicem

217 1282 401 1357 inspexerint,
418 1283 471 1357 qni
489 1283 520 1341 in
535 1283 725 1341 Murbacensi
741 1283 904 1340 bibliotheca
925 1283 1020 1340 adbuc
1039 1290 1217 1341 asseruntur.

219 1389 358 1446 Eundem
373 1387 457 1447 breui
471 1399 539 1464 post
556 1387 794 1448 ‘semilacerum'
809 1387 888 1447 dicit.
926 1390 998 1447 Non
1012 1387 1099 1464 igitur
1110 1387 1218 1447 mirum

219 1492 243 1552 si
258 1493 390 1571 quinque
407 1513 502 1554 annos
523 1495 688 1553 Rhenanus
704 1492 909 1572 (1515—1520)
929 1496 1078 1571 parandae
1095 1494 1219 1554 editioni

217 1597 394 1676 insumpsit:
423 1598 562 1659 nimirum
584 1610 613 1659 et
635 1599 755 1659 mutilus
777 1602 872 1660 codex
896 1611 926 1659 et
948 1599 1046 1660 uerbis
1066 1601 1143 1659 male
1163 1599 1220 1660 dis-

217 1704 316 1764 tractis
340 1704 395 1764 fuit
415 1716 444 1764 et
469 1705 586 1782 punctis
611 1707 659 1765 uel
681 1705 871 1765 distinctione
896 1705 997 1778 caruit,
1020 1717 1053 1765 ut
1077 1704 1219 1765 credibile

217 1809 254 1869 sit
270 1812 451 1870 Rhenanum
473 1831 534 1870 non
556 1811 612 1871 nisi
634 1811 751 1887 saepius
774 1830 921 1887 perpenso
943 1810 1006 1871 siue
1027 1809 1092 1888 ipso
1114 1809 1219 1870 codice

217 1915 281 1975 siue
305 1915 400 1996 (quod
425 1915 518 1992 magis
546 1915 623 1994 reor)
652 1918 824 1993 apographo
852 1916 915 1976 eius
944 1917 1042 1976 uisum
1070 1916 1126 1976 sibi
1155 1937 1220 1977 esse

217 2042 319 2081 ueram
341 2021 487 2081 Paterculi
508 2021 686 2082 sententiam
711 2025 891 2082 enucleasse.
936 2022 1114 2099 Diligentius
1139 2022 1219 2082 enim

216 2148 279 2187 rem
304 2127 398 2204 egisse
422 2139 503 2204 patet
531 2148 567 2187 ex
591 2127 682 2204 ipsius
705 2127 876 2188 testimonio
901 2131 984 2205 quod
1006 2149 1094 2206 supra
1118 2129 1203 2189 attuli
1214 2152 1222 2203 ;

166 2257 169 2264 ⁴
217 2253 286 2292 cum
315 2233 395 2293 enim
416 2237 565 2311 exemplar
592 2233 705 2294 codicis
733 2233 885 2294 habuisset
912 2237 949 2293 ab
970 2236 1060 2294 arnico
1083 2236 1136 2294 sed
1150 2246 1222 2312 pro-

209 2349 354 2418 peranter
373 2343 550 2418 descriptum,
577 2343 636 2401 hoc
660 2361 722 2401 non
745 2351 903 2401 contentus
928 2333 1029 2401 statuit
1057 2341 1219 2401 editionem

217 2467 350 2524 premere
375 2450 472 2508 donec
497 2447 602 2507 melior
625 2446 794 2524 proueniret
819 2449 914 2507 codex
938 2467 1028 2524 quem
1055 2447 1221 2508 Mediolani

217 2573 282 2612 esse
295 2553 434 2614 audisset.
479 2555 548 2629 Qua
562 2573 615 2630 spe
630 2555 781 2630 deceptus,
798 2574 867 2612 cum
882 2573 938 2613 nec
953 2553 1119 2613 Mediolani
1131 2556 1219 2613 talem

217 2680 273 2719 nec
297 2681 315 2719 a
340 2663 457 2720 Merula
480 2673 629 2738 repertum
654 2681 719 2721 esse
743 2661 941 2734 intellexisset,
968 2661 1073 2738 quinto
1098 2663 1220 2721 tandem

216 2787 297 2826 anno
311 2768 357 2826 ed.
374 2767 538 2843 principem
553 2767 686 2827 Basileae
701 2767 841 2843 uulgauit.

258 2874 403 2932 Nondum
423 2872 504 2933 edito
529 2873 605 2933 libro
628 2872 733 2932 notitia
747 2872 859 2933 codicis
879 2885 1053 2949 peruenerat
1067 2875 1107 2933 ad
1121 2877 1221 2933 Auen-

217 2977 313 3037 tinum
329 2978 510 3058 (Iohannem
525 2978 684 3057 Turmair),
699 2979 866 3039 Annalium
878 2980 1021 3038 Batonem
1036 2979 1218 3056 scriptorem,

216 3087 339 3144 sortasse
360 3085 399 3143 ab
420 3085 577 3156 Rbenano‚
594 3084 678 3144 cuius
693 3084 717 3144 is
737 3084 960 3161 condiscipulus
979 3085 1097 3145 Parisiis
1116 3088 1218 3145 luerat.

217 3194 296 3250 Nam
325 3212 387 3251 non
416 3192 512 3250 solum
540 3190 616 3250 inter
643 3202 779 3251 auctores
805 3191 1022 3253 Chronicorum
1050 3192 1219 3253 Auentinus

217 3300 406 3357 Paterculum
427 3298 533 3373 allegat
556 3297 662 3375 (Praef.
684 3296 733 3355 lib.
753 3318 768 3355 2
785 3300 864 3356 Ann.
882 3296 1011 3356 Rietzler
1027 3300 1062 3357 T.
1084 3299 1111 3358 ii.
1131 3319 1159 3375 p.
1179 3297 1218 3377 2),

217 3405 270 3463 sed
285 3403 356 3480 ipsis
371 3403 470 3464 uerbis
480 3403 635 3475 Paterculi,
652 3423 728 3479 quae
743 3423 813 3462 mox
822 3404 987 3463 Rhenanus
1001 3403 1133 3465 editurus
1148 3417 1218 3478 erat,

121 3586 123 3595 ,
217 3512 383 3572 Pannonici
394 3511 464 3572 belli
476 3511 590 3584 seriem,
604 3510 714 3571 deinde
724 3512 796 3571 Vari
810 3533 845 3572 ac
855 3515 1059 3572 Romanarum
1069 3515 1219 3592 legionum

216 3620 333 3680 cladem
356 3620 484 3680 narrauit
514 3619 664 3696 (Rietzler,
694 3618 722 3678 ii.
749 3639 798 3696 pp.
827 3617 985 3696 125-127).
1030 3623 1068 3679 Et
1096 3623 1220 3681 fortasse

217 3725 280 3802 ipse
301 3726 438 3787 codicem
459 3726 582 3799 uiderat,
602 3725 665 3785 siue
684 3725 715 3784 in
738 3725 930 3786 Murbacensi
944 3725 1134 3800 bibliotheca,
1156 3727 1219 3788 siue

702 3848 730 3880 IX
