3050 4350
569 341 571 346 ’
595 366 752 425 vantur
776 365 1017 426 Pnuaucvnr

300 533 384 593 bellis
406 552 570 611 numquam
593 543 779 605 uacauerant,
796 551 849 593 eae
867 533 923 592 sub
938 533 972 594 C.
989 531 1119 593 Antistio
1137 551 1174 593 ac
1187 531 1297 594 deinde

301 635 332 690 P.
350 630 422 691 Silio
436 633 532 707 legato
547 628 710 706 ceterisque
724 641 829 706 postea
842 629 930 690 etiam
945 630 1104 691 latrociniis
1118 644 1265 692 uacarent.

251 740 288 798 91
343 731 425 787 Dum
447 738 568 804 pacatur
589 726 747 800 Occidens,
769 728 808 787 ab
830 727 952 789 Oriente
974 748 1010 788 ac
1033 750 1100 807 rege
1122 733 1298 792 Parthorum

301 825 384 902 signa
406 828 551 898 Romana,
574 845 651 903 quae
674 826 781 886 Crasso
800 844 908 901 prenso
928 827 1052 900 Orodes,
1068 847 1145 904 quae
1164 829 1299 889 Antonio

300 927 387 1001 pulso
408 923 484 983 filius
507 923 570 982 eius
593 924 733 983 Prahates
755 935 901 1000 ceperant,
922 927 1058 1002 Augusto
1079 925 1201 986 remissa
1220 939 1295 987 sunt.
1313 939 1326 987 5

288 1024 383 1099 -quod
397 1041 565 1097 cognomen
578 1019 621 1079 illi
635 1019 699 1079 uiro
714 1019 816 1080 Planci
831 1020 976 1080 sententia
991 1041 1153 1082 consensus
1169 1023 1298 1084 uniuersi

275 1144 286 1177 2
301 1131 420 1180 senatus
439 1117 601 1196 populique
621 1117 752 1178 Romani
770 1117 886 1178 indidit.
929 1130 1012 1178 erant
1029 1130 1129 1180 tamen
1144 1121 1195 1198 qui
1217 1124 1298 1181 hunc

300 1216 502 1276 felicissimum
517 1226 625 1275 statum
640 1215 790 1275 odissent:
812 1215 923 1293 quippe
938 1218 970 1275 L.
985 1219 1113 1277 Murena
1127 1229 1156 1277 et
1167 1219 1299 1279 Fannius

233 1351 234 1354 η
301 1314 414 1392 Caepio
437 1312 560 1374 diuersis
585 1311 717 1372 moribus
741 1310 823 1388 (nam
847 1314 974 1371 Murena
995 1312 1058 1372 sine
1086 1315 1145 1374 hoe
1168 1315 1299 1376 facinore

300 1413 397 1490 potuit
407 1410 501 1471 uideri
510 1411 615 1482 bonus,
629 1407 741 1485 Caepio
753 1419 782 1467 et
793 1410 850 1467 hoc
865 1416 893 1466 et
903 1420 972 1468 ante
981 1421 1042 1469 erat
1056 1410 1214 1490 pessimus)
1230 1432 1299 1472 curn
1316 1427 1346 1462 ¹0

301 1512 424 1571 inissent
452 1507 610 1569 occidendi
638 1505 772 1568 Caesaris
804 1506 935 1580 consilia,
965 1509 1098 1584 oppressi
1125 1510 1299 1571 auctoritate

274 1608 428 1686 3publica,
451 1607 533 1684 quod
554 1604 584 1664 ui
605 1606 701 1664 facere
722 1606 884 1677 uoluerant,
900 1604 963 1665 iure
983 1605 1062 1682 passi
1081 1618 1157 1666 sunt.
1201 1628 1299 1684 neque

301 1709 395 1766 multo
423 1715 491 1782 post
519 1705 614 1762 Rufus
643 1701 794 1778 Egnatius,
823 1722 876 1779 per
903 1703 1004 1763 omnia
1030 1705 1184 1781 gladiatori
1208 1726 1299 1782 quam

301 1803 429 1864 senatori
450 1801 577 1880 propior,
593 1802 718 1860 collecto
739 1799 770 1858 in
791 1799 940 1860 aedilitate
958 1802 1059 1861 fauore
1080 1802 1191 1879 populi,
1208 1823 1297 1880 quern

303 1898 523 1977 exstinguendis
538 1897 651 1975 priuata
672 1895 783 1956 familia
801 1895 946 1956 incendiis
971 1896 1002 1956 in
1027 1897 1091 1957 dies
1114 1911 1242 1972 auxerat,
1266 1899 1296 1959 in
1313 1915 1343 1966 15

302 2009 417 2058 tanturn
442 1995 572 2074 quidem,
598 2006 630 2054 ut
655 1993 682 2054 ei
705 2005 871 2071 praeturam
899 1993 1092 2069 continuaret,
1116 2017 1186 2057 mox
1210 1997 1299 2057 etiam

275 2109 277 2112 ·
303 2097 490 2156 consulatum
504 2104 604 2170 petere
618 2112 715 2164 ausuS,
732 2111 800 2151 cum
817 2102 895 2151 esset
914 2091 996 2151 omni
1015 2092 1192 2170 flagitiorum
1212 2096 1300 2154 scele-

302 2212 427 2270 rumque
452 2189 633 2251 conscientia
660 2209 773 2248 mersus
800 2209 857 2248 nec
881 2189 985 2249 melior
1012 2189 1054 2249 illi
1081 2211 1126 2250 res
1150 2191 1299 2252 familiaris

303 2310 393 2368 quam
408 2308 492 2348 mens
508 2289 613 2360 †loret,
624 2285 786 2362 adgregatis
801 2285 957 2347 simillimis
972 2287 1028 2347 sibi
1042 2287 1216 2349 interemere
1228 2291 1301 2350 Cae-

303 2407 398 2448 sarem
422 2385 531 2458 statuit,
554 2396 587 2444 ut
610 2404 671 2463 quo
699 2386 782 2444 saluo
806 2387 905 2444 saluus
933 2406 997 2446 esse
1024 2408 1086 2447 non
1114 2399 1237 2464 poterat,
1263 2408 1300 2448 eo
1316 2400 1346 2434 ²0

273 2485 420 2548 tsublato
448 2493 615 2542 moreretur.
667 2480 778 2560 quippe
803 2481 844 2541 ita
870 2502 902 2542 se
921 2503 1017 2544 mores
1040 2485 1160 2558 habent,
1180 2485 1301 2563 publica

303 2583 429 2661 quisque
444 2581 528 2641 ruina
542 2579 623 2640 malit
638 2579 774 2640 occidere
788 2601 879 2657 quam
898 2602 951 2641 sua
969 2583 1086 2660 proteri,
1102 2583 1182 2644 idem
1201 2603 1301 2661 passu-

303 2701 351 2741 rus
380 2680 478 2739 minus
505 2677 645 2755 conspici.
688 2698 786 2756 neque
813 2678 862 2739 hic
889 2679 1034 2757 prioribus
1062 2681 1093 2740 in
1121 2685 1301 2743 occultando

303 2778 415 2840 felicior
448 2777 511 2850 suit,
540 2777 718 2854 abditusque
749 2797 864 2837 carcere
898 2799 967 2838 eum
1002 2779 1128 2840 consciis
1163 2781 1300 2842 facinoris

304 2892 430 2942 mortem
445 2878 647 2957 dignissimam
662 2879 724 2939 uita
738 2900 790 2940 sua
804 2880 886 2941 obiit.
1315 2880 1345 2930 ²5

338 3051 350 3082 1
370 3051 415 3082 eae
427 3033 466 3082 P:
478 3034 526 3081 hae
535 3032 561 3080 A
628 3032 740 3082 Antistio
750 3034 983 3084 Gelenrus:”Aristio
993 3032 1047 3081 ΑΡ
1150 3049 1167 3096 3
1184 3035 1301 3095 pacat'us

305 3099 464 3162 (paraturus)
482 3098 517 3160 A,
535 3098 629 3146 sed-us
655 3100 733 3146 multo
757 3100 929 3147 minutron'bus
953 3100 1036 3148 lilten's
1172 3115 1301 3161 4prens0

304 3165 403 3228 sampsi:
431 3163 583 3225 praessoA:
606 3164 740 3225 pressoP:
764 3179 889 3226 oppresso
908 3165 1019 3213 Gelenius
1149 3165 1301 3225 5Prahates

305 3231 340 3291 A,
364 3231 425 3277 snut
446 3231 472 3276 in
488 3229 590 3277 Mediceo
612 3230 665 3278 Tac.
689 3229 762 3279 Ann.
783 3231 808 3279 ii.
830 3245 840 3278 1
860 3236 913 3278 eta
932 3229 1083 3294 (Thomasp
1113 3230 1254 3278 Phrahates
1276 3230 1303 3278 P

305 3298 322 3343 6
339 3296 394 3343 uiro
405 3295 472 3342 AP:
489 3311 552 3342 uere
564 3294 705 3342 Ruhnken:
722 3296 777 3343 iure
791 3295 868 3343 Orelli
986 3311 1002 3356 9
1019 3296 1101 3356 Cepio
1112 3295 1172 3355 ΑΡ,
1189 3301 1212 3342 et
1226 3297 1260 3343 sic
1271 3312 1302 3344 ιο

309 3377 338 3408 10
355 3367 382 3408 et
393 3361 443 3408 hoc
455 3369 514 3408 ante
526 3359 593 3409 AP:
610 3367 636 3408 et
647 3367 707 3408 ante
718 3361 767 3408 hoc
780 3361 905 3409 Gelenius:
922 3361 1038 3423 scn'psiet
1049 3362 1098 3408 hoc
1111 3369 1136 3409 et
1148 3368 1208 3410 ante
1219 3361 1243 3410 h.
1253 3377 1270 3410 e.
1280 3368 1303 3409 et

306 3427 351 3474 hoc
356 3426 466 3488 facinore
480 3431 501 3472 et
512 3431 568 3473 ante
630 3441 657 3475 11
676 3427 783 3474 inissent
800 3426 839 3475 P:
857 3425 1019 3488 i·piissentA
1030 3427 1083 3488 (sic)
1147 3441 1176 3485 15
1189 3434 1242 3476 ext.
1250 3427 1304 3474 ΑΡ

309 3507 338 3552 17
351 3493 464 3538 omnium
473 3490 610 3538 Burmann
677 3493 707 3538 18
711 3492 821 3551 fortasse
830 3495 889 3552 (nec
899 3492 988 3539 melior
996 3492 1031 3539 illi
1039 3507 1081 3540 res
1088 3491 1218 3540 familiaris
1225 3508 1301 3553 quam

307 3572 380 3604 mens
392 3557 493 3619 fuerat),
506 3562 533 3604 ut
544 3571 584 3617 95.
594 3572 609 3616 3
621 3557 686 3604 soret
697 3557 814 3620 scn'ptum
828 3562 864 3606 est
880 3557 906 3604 in
921 3557 980 3618 AF,
998 3573 1053 3604 cum
1069 3558 1184 3605 sententia
1195 3559 1303 3620 postulet

307 3622 389 3670 suerat
489 3635 519 3682 19
536 3622 644 3670 interim.
657 3621 712 3668 ΑΡ
807 3637 836 3669 21
856 3623 966 3687 publica]
980 3629 1008 3671 ut
1020 3622 1076 3671 add.
1090 3621 1173 3669 Burer
1269 3638 1301 3672 aa

306 3686 428 3751 proruet,
441 3686 494 3734 der'n
506 3687 639 3748 proteriA
654 3687 705 3747 (sic)
789 3694 815 3734 et
827 3687 931 3736 idemP
1025 3704 1056 3747 24
1073 3687 1301 3738 carcereKrause:

307 3753 402 3802 carceri
421 3751 489 3799 AP:
516 3753 609 3800 carceri
627 3751 769 3800 Rockwood
782 3755 893 3800 seruauit
909 3758 1005 3800 secutus
1021 3752 1140 3814 Neur'um,
1157 3754 1204 3815 qui
1219 3754 1302 3802 attulit

307 3823 372 3870 Aen.
388 3818 412 3867 ii.
425 3830 474 3879 553
487 3817 560 3865 lateri
572 3818 670 3866 abdidit
682 3833 770 3866 ensem
783 3818 918 3880 (Formenl.
932 3819 948 3868 i.
961 3819 1020 3882 241)

784 3909 831 3959 104
