2810 4350
554 348 849 408 PROLEGOMEN
851 350 879 407 A
890 439 894 449 ¹

215 534 297 587 num,
313 526 346 574 ut
359 527 499 592 appareat
520 537 589 576 eum
604 517 635 576 in
657 517 854 578 describendo
869 516 1041 594 saepissime
1055 515 1216 577 haesitasse
1295 531 1297 536 '

214 620 358 697 quidnam
372 622 560 701 potissimum
575 624 713 701 eligeret3
733 625 873 684 nimirum
884 624 1020 684 codicem
1031 623 1215 684 exscribebat

213 728 290 787 adeo
311 749 373 788 non
387 731 511 806 planum
528 741 560 789 ut
579 732 660 790 nulla
682 730 713 789 in
735 730 843 808 pagina
862 751 923 790 non
940 732 1114 803 offensurus
1134 732 1217 789 nulla

161 835 164 842 '
214 853 275 892 non
296 833 492 895 haesitatums
514 846 599 908 esset,
615 856 693 913 quae
714 836 852 896 condicio
867 848 911 896 est
925 857 987 896 non
1002 835 1176 921 exemplaris
1197 856 1216 894 a

212 938 309 999 scriba
322 940 393 1000 facti
411 942 582 1015 recentiore,
599 944 653 1002 sed
672 942 782 1002 uetusti
800 941 921 1016 codicis,
937 942 968 1001 in
983 962 1044 1019 quo
1065 943 1213 1019 quaedam

212 1047 334 1105 madore
362 1058 507 1124 corrupta,
537 1050 685 1124 quaedam
712 1069 788 1108 aeuo
821 1048 956 1121 euanida,
986 1049 1134 1125 quaedam
1162 1068 1215 1124 per

211 1150 359 1210 inscitiam
374 1153 517 1212 sermonis
533 1153 631 1212 latini
645 1154 763 1252 turbata
774 1173 810 1212 ac
825 1155 986 1230 deprauata
996 1152 1212 1213 descenderint.

212 1256 293 1317 Talis
308 1258 499 1318 Amerbachii
513 1259 668 1319 haesitatio
685 1271 784 1336 potest
798 1280 833 1322 ea
852 1259 974 1336 quidem
993 1258 1214 1319 adulescentiae

212 1361 286 1442 (erat
306 1383 453 1423 annorum
474 1375 590 1424 tantum
607 1363 656 1444 21)
672 1364 811 1442 imputari
820 1387 829 1439 3
852 1365 949 1442 potuit
970 1376 1071 1425 tamen
1092 1385 1128 1424 ex
1148 1365 1214 1441 ipsa

211 1467 363 1544 diligentia
383 1470 540 1546 prouenire
562 1491 621 1548 qua
645 1470 782 1531 codicem
807 1471 1003 1543 describebat,
1027 1490 1097 1530 cum
1120 1472 1214 1530 nollet

210 1575 249 1634 de
263 1575 362 1635 dubiis
384 1587 497 1635 certum
517 1597 548 1636 se
567 1577 705 1653 profiteri,
722 1588 922 1654 statueretque
943 1597 1004 1636 non
1026 1587 1087 1636 tam
1102 1597 1213 1636 correc-

210 1681 280 1740 toris
295 1681 378 1758 fungi
392 1681 490 1747 officio
505 1702 596 1759 quam
610 1682 776 1758 interpretis
791 1683 843 1760 qui
857 1703 934 1760 quae
948 1682 979 1741 in
999 1683 1104 1743 codice
1119 1694 1210 1756 erant,

209 1786 310 1846 omnia
325 1787 450 1847 fideliter
464 1799 493 1847 et
507 1787 942 1866 pensiculaterepraesentaret.

250 1896 364 1970 ltaque,
394 1905 426 1953 ut
455 1915 626 1972 expromam
654 1897 737 1972 quod
764 1895 869 1968 sentio,
898 1916 960 1955 non
991 1897 1080 1955 credo
1108 1897 1212 1954 Amer-

209 2000 389 2060 bachianum
413 2003 606 2078 apographon
632 2004 714 2078 quod
737 2023 818 2061 nunc
840 2012 919 2062 extat
943 2001 975 2060 id
999 2021 1064 2061 esse
1085 2003 1124 2060 de
1149 2021 1210 2078 quo

208 2108 373 2166 Rhenanus
395 2118 548 2184 tamquam
571 2113 778 2185 ‘properanter
798 2120 888 2186 atque
909 2107 1080 2167 infeliciter'
1099 2106 1209 2185 scripto

207 2211 337 2288 iniquius
351 2213 495 2273 iudicium
507 2214 612 2274 tulerit.
643 2214 748 2289 Quid?
769 2235 830 2274 non
840 2225 869 2274 et
880 2213 929 2273 alii
944 2224 1026 2272 erant
1035 2213 1145 2290 quibus
1161 2215 1210 2273 de-

207 2317 398 2379 scribendum
411 2320 642 2380 Murbacensem
654 2322 819 2380 Rhenanus
834 2321 1004 2396 delegaret?
1040 2319 1144 2379 Multis
1159 2319 1209 2379 ille

207 2424 351 2500 cognitus,
364 2425 464 2484 multis
475 2425 627 2502 discipulis
639 2427 783 2485 utebatur.
818 2428 883 2486 Nec
895 2425 919 2485 si
930 2424 1079 2502 conspirat
1090 2435 1208 2502 tempus

206 2549 267 2605 quo
282 2531 498 2591 Amerbachius
518 2533 712 2608 apographon
733 2531 862 2591 confecit
877 2530 984 2612 (aestas
1003 2529 1059 2590 fuit
1072 2551 1097 2590 a.
1118 2528 1207 2609 1516)

206 2656 274 2695 cum
290 2636 388 2696 uerbis
410 2637 550 2698 Rhenani
563 2638 594 2696 in
616 2637 802 2698 Praefatione
815 2639 855 2697 ad
876 2637 1021 2698 Saxoniae
1042 2635 1207 2714 principem

206 2743 388 2804 Fridericum
408 2745 522 2822 scriptis
540 2758 622 2806 sexto
642 2748 715 2806 Idus
736 2745 912 2806 Decembris
926 2766 951 2805 a.
972 2763 1047 2823 1520
1061 2747 1206 2821 Equitem

204 2853 309 2910 ablzinc
326 2872 419 2910 annos
440 2861 475 2911 ut
484 2863 560 2930 puto
576 2855 701 2930 quinque
714 2873 776 2912 cum
790 2855 925 2930 pn'rnum
943 2854 1019 2925 burte
1036 2854 1067 2910 in
1082 2853 1207 2911 Murba-

204 2959 280 3020 censi
291 2959 453 3016 bibliotheca
468 2961 638 3036 reperissem,
654 2967 683 3018 et
694 2961 819 3018 uiderem
837 2967 898 3018 tarn
910 2960 1074 3036 prodcgtbse
1092 2969 1208 3035 corrup-

204 3072 265 3122 tum
281 3072 316 3122 ut
326 3065 423 3123 arania
438 3067 585 3124 restituere
599 3086 655 3125 non
661 3066 745 3142 foret
755 3067 882 3124 bomani
893 3066 1007 3142 ingenii,
1011 3073 1208 3141 properanter

203 3191 237 3230 ac
252 3171 403 3246 infeliciter
415 3173 451 3229 ab
470 3173 559 3230 amico
579 3174 702 3248 quadarn
722 3174 901 3249 describtum,
910 3173 1102 3249 premendum
1111 3174 1206 3248 plane

202 3279 343 3336 censebam
357 3280 442 3336 donec
455 3280 580 3337 melioris
598 3279 677 3337 nobes
690 3279 883 3354 codiccsfieret
899 3279 986 3353 cacia,
1002 3297 1084 3352 quem
1103 3288 1205 3354 accepe-

202 3404 268 3442 ram
290 3386 393 3444 baberi
413 3385 581 3444 Mediolani
606 3386 756 3443 inuentum
784 3385 851 3443 olim
879 3404 898 3441 a
931 3383 1052 3459 Georgia
1072 3385 1202 3442 Merula.

211 3491 313 3548 Verum
341 3492 410 3549 darn
429 3491 551 3567 frustra
580 3491 640 3549 cone
668 3491 737 3548 trees
760 3509 853 3548 annos
876 3497 1060 3565 expectamus,
1086 3491 1203 3548 interim

201 3597 377 3656 doctissimus
407 3599 525 3673 quisque
557 3617 661 3656 meeum
689 3598 869 3672 repostulat,
905 3595 986 3674 (nam
1021 3595 1059 3654 ab
1091 3606 1204 3654 aestate

201 3721 225 3760 a.
243 3706 318 3779 1516
333 3713 391 3763 tres
413 3714 481 3763 sunt
502 3702 573 3763 anni
587 3705 626 3763 ad
644 3713 787 3762 aestatem
807 3723 833 3763 a.
853 3719 937 3780 1519,
953 3721 1053 3778 neque
1069 3701 1121 3761 diu
1136 3712 1204 3778 post

684 3824 719 3856 XV
