3050 4350
598 319 753 378 VELLEI
775 316 1016 378 PATERCVLI

309 485 452 546 festinans
466 485 497 546 in
512 485 638 559 Italiam,
654 506 693 546 ne
712 485 932 562 conspiceretur
950 506 969 545 a
985 483 1186 561 praedonibus
1205 484 1307 544 omnia

309 597 381 644 tunc
395 583 599 645 obtinentibus
614 583 706 643 maria
720 594 749 643 et
764 583 869 643 merito
882 583 942 642 iam
956 582 1069 642 infestis
1087 581 1151 655 sibi,
1168 593 1307 659 quattuor

309 684 488 742 scalmorum
503 701 611 750 nauem
626 701 769 741 unacum
784 681 902 741 duobus
916 680 1019 741 amicis
1033 682 1200 757 decemque
1214 679 1306 740 seruis

282 779 456 856 zingressus
475 778 684 839 effusissimum
698 777 842 839 Adriatici
860 778 948 838 maris
967 777 1079 838 traiecit
1096 777 1202 837 sinum.
1246 797 1307 854 quo

309 876 431 953 quidem
450 875 481 935 in
500 896 586 936 cursu
606 875 781 952 conspectis
799 887 832 935 ut
850 876 982 952 putabat,
1002 875 1161 952 piratarum
1180 874 1335 944 nauibus5

309 994 378 1033 cum
393 973 519 1034 exuisset
533 985 648 1034 uestem
661 973 878 1050 adligassetque
888 973 1049 1050 pugionem
1063 974 1102 1032 ad
1115 974 1212 1032 femur
1225 973 1308 1031 alter·

309 1070 366 1130 utri
380 1091 412 1130 se
425 1073 561 1130 fortunae
575 1091 690 1148 parans,
706 1090 776 1130 mox
789 1069 932 1130 intellexit
945 1073 1114 1130 frustratum
1129 1089 1194 1129 esse
1208 1068 1306 1128 uisum

309 1189 396 1227 suum
410 1169 609 1245 arborumque
623 1189 659 1228 ex
672 1168 836 1246 longinquo
851 1168 986 1229 ordinem
1003 1179 1209 1228 antemnarum
1226 1186 1307 1244 prae-

279 1264 408 1333 3buisse
428 1265 596 1342 imaginem.
639 1265 751 1343 reliqua
775 1265 838 1326 eius
862 1277 929 1325 acta
952 1265 983 1324 in
1008 1266 1089 1338 urbe,
1111 1263 1307 1325 nobilissima-

308 1381 367 1438 que
396 1363 570 1422 Dolabellae
597 1362 747 1424 accusatio
774 1375 804 1424 et
832 1363 925 1423 maior
949 1363 1075 1423 ciuitatis
1100 1363 1131 1423 in
1155 1383 1191 1423 ea
1212 1366 1304 1438 fauor,
1322 1381 1352 1417 10

308 1479 398 1536 quam
421 1460 477 1520 reis
499 1461 639 1537 praestari
661 1464 745 1535 solet,
768 1461 1035 1537 contentionesque
1057 1461 1159 1521 ciuiles
1181 1482 1250 1521 cunr
1265 1463 1303 1537 Q.

308 1558 416 1618 Catulo
430 1569 520 1635 atque
534 1557 598 1617 aliis
613 1557 852 1618 eminentissimis
867 1558 936 1618 uiris
956 1558 1172 1632 celeberrimae,
1188 1571 1218 1620 et
1235 1570 1306 1620 ante

307 1665 473 1730 praeturam
488 1655 584 1715 uictus
594 1657 625 1714 in
637 1655 757 1715 maximi
767 1656 956 1732 pontificatus
967 1655 1111 1732 petitione
1121 1658 1159 1732 Q.
1172 1658 1304 1729 Catulus,

278 1779 294 1823 4
308 1751 443 1811 omnium
458 1753 645 1813 consessione
659 1765 778 1813 senatus
795 1753 940 1830 princeps,
957 1765 987 1814 et
1005 1754 1138 1814 restituta
1156 1755 1187 1814 in
1206 1755 1306 1815 aedili-

308 1860 367 1908 tate
395 1850 571 1910 aduersante
599 1851 721 1928 quidem
756 1851 911 1911 nobilitate
938 1852 1124 1912 monimenta
1152 1854 1185 1914 C.
1217 1853 1302 1926 Mari,
1320 1871 1350 1922 15

307 1946 455 2024 simulque
473 1948 604 2008 reuocati
622 1950 661 2008 ad
680 1948 725 2009 ius
744 1949 894 2026 dignitatis
913 1949 1143 2026 proscriptorum
1165 1950 1257 2024 liberi,
1276 1962 1305 2012 et

306 2055 442 2120 praetura
456 2057 671 2122 quaesturaque
690 2046 816 2107 mirabili
835 2047 942 2106 uirtute
960 2058 1050 2123 atque
1064 2047 1208 2108 industria
1224 2048 1306 2108 obita

307 2143 337 2202 in
360 2143 508 2220 Hispania
530 2144 611 2223 (curn
636 2156 713 2205 esset
734 2157 872 2222 quaestor
892 2144 948 2204 sub
963 2147 1071 2204 Vetere
1087 2145 1226 2218 Antistio,
1246 2166 1304 2206 auo

307 2240 394 2300 huius
408 2241 523 2301 Veteris
545 2242 706 2302 consularis
727 2262 762 2302 ac
783 2242 940 2319 pontificis,
958 2244 1085 2302 duorum
1105 2242 1304 2303 consularium

306 2351 336 2399 et
363 2341 551 2400 sacerdotum
578 2340 677 2417 patris,
706 2340 761 2401 uiri
788 2340 819 2400 in
846 2352 962 2400 tantum
990 2339 1071 2412 boni,
1100 2339 1131 2399 in
1159 2352 1303 2416 quantum
1320 2357 1352 2392 πο

307 2442 438 2499 humana
452 2439 623 2516 simplicitas
637 2439 767 2516 intellegi
781 2437 901 2516 potest),
912 2458 972 2515 quo
987 2437 1102 2498 notiora
1116 2449 1193 2512 sunt,
1206 2437 1304 2499 minus

307 2550 394 2616 egent
408 2538 483 2598 stilo.

251 2661 293 2719 44
348 2639 420 2695 Hoc
447 2635 534 2713 igitur
566 2638 688 2696 consule
720 2635 795 2695 inter
823 2655 892 2695 eum
920 2645 949 2693 et
976 2635 1032 2695 Cn.
1063 2633 1241 2710 Pompeium
1275 2645 1305 2694 et

308 2735 351 2793 M.
378 2735 518 2795 Crassum
546 2733 619 2793 inita
645 2733 795 2809 potentiae
823 2732 957 2805 societas,
982 2751 1059 2809 quae
1087 2731 1153 2791 urbi
1181 2732 1304 2808 orbique

305 2843 446 2891 terrarum
461 2851 517 2891 nec
531 2830 630 2892 minus
644 2830 763 2891 diuerso
777 2850 898 2907 quoque
912 2842 1045 2906 tempore
1059 2829 1130 2906 ipsis
1150 2829 1304 2890 exitiabilis
1320 2847 1349 2896 ²5

279 2928 367 2992 afuit.
410 2931 469 2989 hoc
490 2928 647 2989 eonsilium
669 2929 814 3005 sequendi
831 2927 991 3004 Pompeius
1012 2948 1133 2987 causam
1152 2928 1302 3000 habuerat,

305 3038 338 3087 ut
359 3029 480 3087 tandem
501 3038 568 3087 acta
587 3027 618 3086 in
640 3026 839 3086 transmarinis
856 3025 1025 3102 prouinciis,
1041 3025 1158 3102 quibus,
1173 3036 1207 3084 ut
1225 3045 1305 3101 prae

305 3123 441 3198 diximus,
465 3124 551 3184 multi
573 3124 787 3196 obtrectabant,
809 3143 861 3200 per
882 3124 1040 3185 Caesarem
1062 3123 1304 3182 confirmarentur

339 3277 431 3342 aiam]
452 3285 504 3327 tarn
523 3277 578 3324 ΑΡ
682 3277 892 3339 4effusissimam
911 3277 938 3324 A
1080 3292 1141 3336 que
1160 3278 1303 3325 frustratum

306 3342 332 3389 A
347 3343 400 3398 (εἰσ)
515 3360 532 3406 9
549 3343 732 3404 nobilissimaq.
747 3343 846 3404 querA
857 3343 910 3406 (sic)
1028 3359 1058 3390 10
1076 3341 1305 3392 DolobellaeAP:

307 3407 463 3458 nobilissima
481 3410 527 3459 Cn.
549 3409 697 3457 Dolabellae
714 3409 801 3457 Haase
909 3425 940 3456 ea
956 3406 1025 3458 AP:
1049 3425 1080 3456 eo
1097 3409 1232 3456 Heinsius:
1259 3423 1304 3456 reo

307 3472 405 3520 Alstm
503 3489 529 3522 11
549 3475 717 3537 praestareA
794 3474 958 3536 Q.P:q.A
1068 3490 1097 3535 13
1114 3475 1140 3522 in
1152 3473 1208 3522 add.
1221 3474 1304 3521 Halm

307 3538 339 3598 Q.
352 3538 389 3589 P:
407 3548 552 3601 qsuprascr.
567 3539 638 3599 Q.A
725 3554 753 3600 15
771 3541 885 3604 quidem]
898 3542 981 3589 eidem
993 3539 1093 3600 Bentley
1175 3553 1203 3600 17
1216 3540 1305 3588 obita·

308 3604 333 3650 in
347 3603 516 3665 Hispania·A
536 3607 605 3670 (πὸς
625 3605 709 3655 obitae
718 3605 839 3652 Heinsius
938 3621 968 3666 19
984 3611 1062 3665 atque
1073 3603 1099 3651 P
1195 3620 1227 3667 23
1244 3620 1304 3654 con-

306 3668 362 3717 sulo
374 3676 493 3782 mprffcr'
508 3671 560 3720 eA
660 3686 693 3734 25
710 3671 821 3732 quoique
833 3671 976 3720 Aca'cIaIius:
995 3669 1086 3732 cuique
1096 3669 1178 3719 Halm
1272 3685 1303 3732 η

306 3735 424 3798 praedixi

768 3829 798 3879 62
