3050 4350
675 371 804 430 LIBER
825 372 858 431 ΙΙ

269 545 330 595 tem
347 533 451 612 populi
469 533 600 595 Romani
617 553 741 612 regnum
763 532 825 593 eius
846 532 1005 593 Artauasdi
1019 532 1109 593 dedit.
1153 531 1264 596 †cuius

269 655 318 693 rex
339 654 460 711 quoque
481 635 656 694 Parthorum
677 632 751 693 tanti
772 631 901 692 nominis
922 634 1000 691 fama
1021 631 1135 692 territus
1157 631 1265 691 liberos

269 751 338 791 suos
352 733 392 791 ad
407 734 564 793 Caesarem
579 730 658 790 misit
672 729 800 790 obsides.

310 831 476 888 Reuersum
501 828 571 888 inde
596 830 749 888 Neronem
773 829 882 888 Caesar
909 829 990 887 haud
1014 825 1171 886 mediocris
1195 824 1266 884 belli
1281 837 1322 895 95

241 928 349 989 51nole
376 926 499 1004 experiri
526 925 635 1000 statuit,
664 925 798 986 adiutore
828 924 925 1002 operis
953 927 1024 985 dato
1056 927 1142 984 fratre
1156 929 1160 956 ¹
1175 923 1266 1000 ipsius

270 1025 370 1082 Druso
398 1023 534 1097 Claudio,
560 1043 649 1100 quem
677 1022 754 1081 intra
781 1021 914 1083 Caesaris
942 1033 1064 1099 penates
1093 1021 1178 1081 enixa
1205 1033 1267 1081 erat
1317 1062 1319 1070 ι

271 1117 363 1178 Liuia.
418 1120 529 1197 quippe
557 1131 680 1197 uterque
708 1118 811 1179 diuisis
838 1118 970 1195 partibus
999 1121 1110 1178 Raetos
1135 1118 1293 1178 Vindelir

270 1237 381 1294 cosque
395 1218 533 1295 adgressi,
545 1218 646 1278 multis
660 1217 778 1277 urbium
793 1218 980 1277 castellorum
995 1217 1266 1294 oppugnationibus

271 1335 326 1374 nec
351 1336 412 1375 non
437 1318 556 1377 derecta
576 1337 697 1395 quoque
721 1318 784 1378 acie
806 1318 929 1379 feliciter
956 1318 1049 1378 functi
1073 1318 1168 1395 gentis
1193 1317 1266 1378 locis

227 1415 439 1490 10tutissimas,
468 1417 551 1477 aditu
579 1417 774 1492 difficillimas,
805 1440 929 1480 numero
956 1419 1126 1497 frequentis
1152 1419 1266 1479 feritate

271 1513 359 1574 trucis
374 1515 485 1575 maiore
499 1536 568 1575 cum
583 1516 714 1593 periculo
729 1537 819 1594 quam
839 1519 950 1577 damno
965 1517 1096 1578 Romani
1113 1516 1264 1589 exercitus,

269 1615 396 1693 plurimo
421 1638 490 1676 cum
515 1638 615 1677 earum
643 1619 786 1696 sanguine
813 1620 1053 1695 perdomuerunt.
1096 1629 1165 1677 ante
1189 1637 1295 1694 quae3

270 1724 404 1790 tempora
431 1735 555 1774 censura
583 1715 685 1775 Planci
712 1726 742 1776 et
770 1715 854 1774 Pauli
886 1727 952 1775 acta
984 1714 1059 1774 inter
1087 1714 1265 1774 discordiam

269 1831 367 1889 neque
394 1812 465 1889 ipsis
493 1813 599 1873 honori
627 1833 724 1890 neque
752 1813 793 1874 rei
820 1813 957 1891 publicae
981 1813 1048 1900 usui
1071 1815 1173 1886 fuerat,
1197 1833 1266 1872 cum

225 1923 255 1973 Ι5
269 1909 351 1968 alteri
378 1909 424 1969 uis
448 1909 590 1983 censoria,
615 1910 698 1970 alteri
726 1910 787 1970 uita
811 1912 935 1983 deesset,
959 1911 1068 1969 Paulus
1093 1909 1142 1969 uix
1166 1921 1267 1986 posset

269 2007 390 2085 implere
412 2028 574 2081 censorem,
597 2011 724 2070 Plancus
748 2009 852 2070 timere
873 2010 1002 2082 deberet,
1025 2008 1266 2085 necquidquam

270 2105 388 2165 obicere
412 2117 514 2182 posset
536 2106 776 2166 adulescentibus
801 2118 851 2166 aut
873 2105 1029 2166 obicientis
1050 2105 1160 2179 audire,
1183 2106 1266 2181 quod

270 2224 331 2264 non
345 2214 517 2280 agnosceret
531 2223 628 2263 senen

313 2304 396 2361 Mors
410 2301 520 2362 deinde
534 2301 691 2379 Agrippae,
708 2303 758 2380 qui
773 2303 936 2363 nouitatem
956 2324 1040 2363 suam
1059 2301 1159 2364 multis
1178 2302 1266 2362 rebus
1279 2293 1325 2365 96

227 2423 258 2456 ro
272 2400 478 2460 nobilitauerat
499 2412 588 2477 atque
608 2400 640 2460 in
661 2403 719 2461 hoc
740 2404 923 2478 perduxerat,
938 2413 971 2462 ut
990 2412 1019 2461 et
1041 2399 1168 2460 Neronis
1190 2411 1268 2460 essct

271 2517 362 2570 socer,
378 2496 522 2575 cuiusque
543 2497 651 2558 liberos
672 2511 796 2576 nepotes
818 2520 887 2560 suos
908 2499 996 2560 diuus
1015 2502 1166 2575 Augustus
1187 2517 1269 2574 prae-

305 2668 316 2699 1
335 2651 458 2700 Artauzdi
467 2652 536 2701 AB:
556 2652 693 2702 Artauasdi
705 2655 743 2704 P:
757 2655 948 2703 ‘restituendum
961 2655 1175 2703 VelleioArtauzdi
1188 2655 1268 2701 multa

266 2717 421 2780 persuadent.
457 2717 527 2765 Nam
549 2720 627 2766 littera
649 2736 662 2766 z
685 2721 747 2768 clare
768 2722 841 2768 elram
864 2722 938 2768 incisa
961 2721 1031 2770 Mon.
1047 2721 1111 2769 Anc.
1129 2722 1172 2769 lat.
1186 2720 1218 2768 vi.
1238 2735 1265 2767 11

270 2783 429 2844 Artauazdis,
454 2784 493 2831 uel
516 2784 639 2832 Armenio
665 2786 783 2834 serr'lrendi
803 2802 889 2850 genere
909 2785 1039 2834 Artauazd
1067 2785 1267 2833 commendatur’

199 2855 203 2863 '
275 2849 385 2897 Thomas
391 2857 419 2911 p.
434 2864 462 2896 11
579 2850 650 2898 cuius
661 2851 726 2899 AP:
739 2853 810 2900 cuius
823 2856 830 2878 ⁴
838 2868 873 2900 sc.
886 2852 924 2901 Ti.
938 2851 961 2898 N
964 2852 1063 2899 eronis'
1081 2851 1189 2899 Thomas
1199 2867 1223 2912 p.
1236 2866 1269 2898 aa

271 2930 286 2976 3
304 2915 405 2962 Caerem
424 2915 476 2973 det,
490 2915 545 2962 dein
555 2923 675 2978 suprascr.
689 2917 852 2965 CaesaremA
952 2934 967 2977 4
985 2916 1092 2965 indeP:
1110 2918 1203 2965 deinde
1213 2916 1266 2967 del..

271 2980 325 3028 dem
336 2988 456 3042 suprascr.
471 2981 497 3027 in
508 2980 534 3028 A
614 2996 628 3042 5
646 2982 712 3030 mole
721 2983 856 3030 Heinsius:
874 2984 967 3030 molem
978 2983 1018 3032 P:
1036 2998 1132 3030 morem
1143 2982 1169 3030 A
1254 2997 1267 3042 7

271 3045 359 3094 diuisis
370 3044 438 3094 AP:
456 3046 524 3108 quod
533 3046 667 3094 uindicauit
677 3046 742 3095 Boot
753 3064 782 3094 ex
792 3049 848 3097 Lr'u.
862 3065 900 3108 44.
913 3065 941 3097 11
1009 3065 1024 3095 e
1036 3048 1145 3096 diuersis
1153 3047 1267 3110 Stanger,

270 3112 299 3173 cs.
314 3127 369 3173 109.
382 3125 397 3171 5
448 3111 545 3159 Raetos
556 3110 601 3160 A:
623 3113 723 3161 Rhetos
734 3113 760 3160 P
856 3117 871 3162 8
889 3120 915 3162 et
926 3120 987 3162 cast.
1001 3112 1040 3161 P:
1058 3114 1269 3174 castellorumque

273 3175 487 3238 Orellichova'le
494 3185 520 3240 p.
532 3179 565 3238 98
638 3180 714 3239 94&
729 3180 832 3227 derecta
845 3179 954 3241 (siclA2
977 3179 1074 3227 directa
1088 3179 1114 3226 P
1177 3186 1269 3239 gentes

271 3277 297 3291 ..
311 3279 317 3291 .
330 3242 497 3304 frequentes.
514 3281 519 3291 .
533 3279 539 3292 .
552 3249 637 3290 truces
653 3243 707 3290 ΑΡ
800 3259 830 3292 10
847 3245 997 3293 difficilimas
1008 3244 1034 3290 A
1131 3258 1161 3290 12
1177 3245 1269 3306 perdo-

272 3313 398 3356 muerunt.
421 3307 490 3355 Ante
507 3308 546 3355 P:
571 3309 748 3369 perdomuere.
770 3309 870 3358 Tantae
886 3310 911 3356 A
1015 3325 1044 3369 14
1061 3309 1123 3370 ipsis
1143 3309 1270 3358 Gelenius:

272 3373 320 3434 ipsi
331 3372 386 3420 AP
482 3373 566 3421 fuerat
579 3372 665 3424 Orelli:
683 3375 749 3422 soret
760 3375 815 3422 ΑΡ
871 3375 943 3422 uerba
961 3391 1018 3422 curn
1038 3375 1167 3423 alteri...
1181 3375 1270 3423 timere

271 3439 379 3486 deberet
386 3454 437 3486 om.
444 3438 470 3484 A
541 3453 570 3499 15
583 3441 683 3487 censori
693 3440 732 3488 P:
745 3441 861 3489 censoria
870 3440 1009 3488 Burmann
1019 3457 1025 3488 :
1035 3440 1150 3488 censoris
1159 3440 1271 3488 Gelenius

274 3505 303 3552 16
320 3520 367 3553 nec
387 3506 431 3566 (ne
453 3503 487 3566 P)
508 3504 641 3565 quicquam
657 3505 712 3552 ΑΡ
859 3521 887 3568 17
905 3505 1025 3562 obiicere,
1044 3505 1193 3554 obiicientes
1219 3505 1273 3553 ΑΡ

272 3568 362 3616 Malim
373 3569 443 3630 quod
455 3585 507 3617 non
520 3571 575 3630 ipse
587 3569 613 3616 in
625 3586 654 3618 se
666 3587 689 3620 a.
701 3586 723 3620 s.
822 3587 852 3633 19
868 3571 1020 3632 AgrippeA
1122 3586 1155 3620 ao
1172 3576 1198 3620 et
1209 3571 1268 3634 ΑΡ,

273 3635 439 3685 numetiaml
539 3650 568 3682 21
588 3635 674 3700 diuus]
689 3637 720 3686 D.
733 3635 787 3683 ΑΡ

749 3868 795 3922 107
