2810 4350
598 362 728 423 LIBER
749 365 764 422 I

182 532 318 594 licentiae
332 534 381 594 uel
395 531 526 593 luxuriae
539 531 677 610 princeps
691 532 754 593 suit.
798 530 848 592 uix
862 531 949 592 ullius
963 531 1059 610 gentis
1075 530 1179 592 aetatis
1192 543 1208 592 6

90 637 94 645 ’
182 630 293 691 ordinis
305 630 459 691 hominem
473 629 631 704 inueneris
641 629 725 690 cuius
736 629 906 690 felicitatem
918 632 1053 690 fortunae
1065 629 1180 691 Metelli

181 747 343 805 compares.
387 748 457 788 narn
478 738 593 805 praeter
613 727 783 789 excellentis
804 727 970 805 triumphos
990 729 1180 804 honoresque

180 827 379 904 amplissimos
394 838 424 888 et
437 827 600 905 principale
619 827 650 887 in
669 848 701 888 re
720 827 841 906 publica
853 827 1002 905 fastigium
1017 838 1180 888 extentum-

152 941 166 988 5
180 944 239 1003 que
253 925 333 986 uitae
347 924 475 1002 spatium
490 937 519 986 et
533 925 607 986 acris
619 924 848 1003 innocentisque
861 945 915 1002 pro
930 945 961 986 re
975 925 1095 1002 publica
1109 944 1179 984 curn

179 1022 306 1083 inimicis
324 1022 531 1084 contentiones
553 1033 692 1100 quattuor
708 1022 785 1083 filios
804 1023 929 1096 sustulit,
945 1022 1044 1083 omnis
1060 1023 1179 1082 adultae

180 1119 283 1180 aetatis
306 1119 389 1193 uidit,
413 1119 511 1180 omnis
535 1120 653 1198 reliquit
675 1120 846 1198 superstites
871 1131 900 1180 et
924 1119 1176 1181 honoratissimos.

180 1216 289 1277 mortui
317 1217 379 1278 eius
407 1219 517 1304 lectum
545 1238 599 1295 pro
627 1217 726 1278 rostris
751 1221 931 1278 sustulerunt
956 1228 1095 1295 quattuor
1116 1216 1207 1292 filii,7

180 1335 257 1374 unus
272 1314 433 1375 consularis
448 1326 477 1377 et
491 1315 652 1389 censorius,
668 1317 740 1376 alter
761 1315 931 1388 consularis,
947 1315 1049 1376 tertius
1063 1316 1177 1386 consul,

137 1428 166 1461 10
180 1423 300 1489 quartus
321 1412 497 1474 candidatus
519 1416 698 1486 consulatus,
714 1433 805 1490 quem
824 1415 969 1474 honorem
983 1414 1109 1489 adeptus
1124 1422 1176 1472 est.

179 1509 237 1569 hoc
251 1521 296 1570 est
309 1509 450 1570 nimirum
464 1511 557 1588 magis
571 1511 695 1571 feliciter
708 1512 747 1570 de
761 1510 822 1571 uita
836 1510 959 1588 migrare
974 1530 1064 1587 quam
1079 1509 1162 1569 mori.
1176 1505 1180 1510 “

219 1606 365 1668 Vniuersa
393 1607 511 1680 deinde,
541 1619 575 1668 ut
601 1607 809 1685 praediximus,
838 1607 979 1668 instincta
1005 1607 1036 1666 in
1064 1607 1177 1666 be'llum
1190 1629 1225 1671 12

179 1703 300 1778 Achaia,
330 1705 414 1764 cuius
442 1725 509 1782 pars
538 1725 653 1782 magna,
677 1705 812 1766 eiusdem
842 1705 958 1765 Metelli
986 1703 1178 1765 Macedonici

178 1800 287 1862 uirtute
314 1801 462 1880 armisque
490 1805 581 1862 fracta
609 1814 678 1876 erat,
703 1802 830 1862 maxime
855 1802 1017 1864 Corinthiis
1041 1801 1072 1861 in
1097 1821 1178 1861 arma

136 1915 163 1964 15
177 1917 246 1958 cum
267 1900 407 1976 grauibus
424 1898 513 1960 etiam
532 1899 563 1959 in
583 1902 738 1961 Romanos
758 1900 945 1961 contumeliis
960 1899 1175 1977 instigantibus.

177 1995 341 2057 destinatus
356 1997 384 2057 ei
399 1998 478 2058 bello
492 1999 623 2074 gerendo
641 1999 747 2058 consul
765 1997 938 2057 Mummius
982 2008 1012 2057 et
1026 1997 1082 2057 sub
1096 1996 1177 2056 idem
1193 2027 1204 2060 2

177 2105 303 2170 tempus,
319 2094 413 2171 magis
430 2094 501 2172 quia
513 2094 658 2155 uolebant
677 2094 816 2168 Romani,
833 2093 979 2171 quidquid
998 2095 1037 2154 de
1058 2094 1179 2155 Cartha-

180 2190 363 2267 giniensibus
385 2191 540 2266 diceretur,
555 2194 683 2266 credere,
700 2212 790 2269 quam
810 2192 881 2268 quia
899 2193 1049 2253 credenda
1067 2192 1179 2251 adfere-

89 2284 93 2292 '
178 2289 293 2362 bantur,
309 2289 410 2350 statuit
429 2301 548 2351 senatus
563 2289 774 2367 Carthaginem
792 2290 971 2350 exscindere.
1014 2289 1055 2349 ita
1069 2290 1178 2349 eodem
1193 2313 1207 2361 3

135 2403 165 2438 20
177 2395 311 2462 tempore
332 2390 364 2447 P.
381 2387 482 2464 Scipio
506 2387 700 2461 Aemilianus,
724 2387 769 2448 uir
782 2387 870 2448 auitis
885 2390 917 2447 P.
934 2387 1066 2448 Africani
1085 2397 1178 2464 pater-

177 2482 283 2560 nisque
312 2485 345 2544 L.
372 2485 457 2546 Pauli
484 2485 643 2546 uirtutibus
672 2485 848 2559 simillimus,
875 2485 1015 2546 omnibus
1043 2484 1114 2544 belli
1141 2504 1177 2544 ac

177 2592 263 2657 togae
298 2580 418 2643 dotibus
453 2582 613 2660 ingenique
628 2635 630 2640 .
647 2603 683 2643 ac
718 2583 884 2643 studiorum
926 2581 1177 2660 eminentissimus

177 2679 287 2739 saeculi
308 2679 361 2753 sui,
384 2680 436 2757 qui
456 2681 530 2741 nihil
551 2681 582 2740 in
603 2680 665 2742 uita
685 2681 743 2742 nisi
763 2682 948 2742 laudandum
968 2691 1019 2741 aut
1040 2679 1110 2741 fecit
1126 2691 1177 2740 aut

177 2776 249 2837 dixit
269 2797 305 2837 ac
325 2777 424 2852 sensit,
441 2799 531 2856 quem
546 2781 641 2840 Paulo
657 2779 799 2856 genitum,
815 2780 990 2856 adoptatum
1005 2799 1023 2838 a
1037 2777 1177 2854 Scipione

133 2893 162 2942 ²5
177 2874 309 2936 Africani
322 2875 385 2935 filio
399 2874 536 2950 diximus,
552 2876 734 2938 aedilitatem
749 2887 854 2954 petens
873 2879 980 2937 consul
993 2886 1108 2937 creatus
1123 2886 1174 2935 est.

209 3044 224 3074 2
236 3027 353 3075 ordinem
364 3028 462 3076 ordinis
470 3029 496 3076 A
564 3045 580 3090 4
592 3038 809 3092 extenuatumque
817 3029 884 3077 AP:
901 3036 1035 3078 extentum
1046 3027 1176 3077 Gelenius:

176 3098 336 3141 extentatum
347 3092 461 3142 Laureul
524 3096 726 3156 6quattuorA:
743 3094 887 3158 quatuorP
939 3109 1177 3143 omnes...omnes

174 3157 229 3206 ΑΡ
241 3156 303 3220 (nou
315 3158 408 3222 omnis)
507 3161 524 3206 8
540 3167 649 3221 quatuor
659 3160 728 3209 AP:
746 3162 782 3209 fili
798 3176 865 3209 unus
881 3176 912 3208 as
925 3158 1069 3209 consularis
1082 3159 1136 3219 (sic)
1148 3158 1174 3205 A

176 3224 220 3271 filii
231 3223 286 3271 ΑΡ
395 3239 423 3271 11
441 3223 491 3273 hoc
503 3231 543 3272 est
560 3234 633 3289 super
644 3227 782 3275 uersumA
850 3226 995 3287 immigrare
1007 3224 1046 3274 A:
1066 3225 1177 3285 migrare
1232 3223 1235 3248 ¹

174 3288 211 3337 P:
232 3290 357 3350 emigrare
373 3289 493 3353 Kreyssig
507 3295 530 3338 et
546 3290 612 3339 Lion
712 3307 741 3340 12
754 3291 840 3340 ‘uerba
860 3298 888 3340 ut
905 3291 1079 3354 praediximus
1096 3294 1176 3338 trans·

172 3354 287 3416 ponenda
298 3359 360 3402 sunt
368 3360 425 3416 post
435 3371 495 3416 pars
507 3371 606 3417 magna.
641 3356 680 3404 De
690 3358 806 3406 uniuersa
815 3357 912 3404 Achaia
923 3358 949 3404 in
961 3356 1052 3403 bellum
1063 3355 1176 3404 abstracta

176 3419 330 3468 nihiladlruc
344 3420 446 3468 Velleius
459 3420 565 3468 diicarat'
582 3421 693 3485 Maduig
812 3437 841 3482 13
858 3423 930 3470 cuius
942 3437 1025 3483 pars.
1045 3456 1051 3470 .
1071 3457 1077 3471 .
1095 3420 1176 3469 fracta

175 3485 277 3534 Aldus:
295 3501 351 3533 cum
361 3501 422 3547 pars
433 3521 440 3536 .
453 3522 459 3536 .
472 3523 478 3536 .
492 3493 572 3536 tracta
580 3487 648 3535 AP:
658 3489 721 3548 sort.
734 3501 791 3535 cum
802 3488 858 3536 eius
959 3502 989 3547 14
1006 3486 1136 3535 Corinthis
1147 3486 1173 3535 Α

178 3553 208 3598 16
226 3551 254 3600 L.
268 3550 326 3600 add.
338 3551 449 3615 Stanger
555 3566 583 3612 17
601 3552 858 3614 Carthaginiensibus
869 3553 909 3602 B:
928 3551 1175 3614 Carthaginensibus

175 3615 230 3663 ΑΡ
315 3617 346 3664 18
363 3618 492 3666 diceretur
502 3617 572 3665 AB:
589 3618 720 3668 dicebatur
730 3618 756 3667 P
766 3618 814 3666 ‘ba
825 3619 856 3666 ab
869 3617 918 3666 alio
929 3619 1047 3681 quopiam
1058 3617 1175 3666 addibrm

177 3680 282 3741 uidetur,
305 3697 367 3731 nam
393 3699 444 3731 uon
470 3687 506 3732 est
529 3683 720 3747 chirographum
744 3683 835 3733 scribae
858 3685 944 3732 uetmb
967 3682 1067 3748 exemp!
1092 3683 1177 3730 Burar

179 3761 209 3807 19
225 3747 346 3796 excidere
357 3747 425 3797 AP:
442 3749 685 3799 exscindereHalm
813 3765 844 3798 21
862 3749 1030 3800 similimusA
1112 3747 1174 3797 belli

175 3818 236 3860 aete
245 3827 276 3860 ac
288 3819 363 3874 togae
376 3814 478 3864 dotibus
491 3813 603 3878 ingeniq.
616 3814 627 3880 (
647 3815 671 3879 ¹)
683 3815 710 3864 A

660 3907 685 3942 ιι
