3050 4350
673 314 802 372 LIBER
824 315 856 375 ΙΙ

264 475 375 534 caudas
397 476 431 537 C.
455 477 565 538 Caesar
585 477 616 536 in
637 478 733 538 Gallia
753 491 852 557 ageret
873 499 928 540 nec
950 491 1107 542 contentus
1129 481 1263 559 plurimis

263 593 300 632 ac
316 572 492 634 felicissimis
513 575 643 636 uictoriis
662 576 988 655 innumerabilibusque
1007 579 1100 640 caesis
1119 591 1149 640 et
1169 579 1263 657 captis

264 670 394 730 hostium
414 671 533 732 milibus
553 673 642 733 etiam
660 673 692 733 in
712 674 894 734 Britanniam
914 676 1074 738 traiecisset
1093 678 1262 752 exercitum,

262 770 387 827 alterum
401 789 497 846 paene
511 770 635 847 imperio
649 783 751 832 nostro
765 792 800 832 ac
819 793 873 832 suo
888 792 1032 850 quaerens
1049 775 1161 850 orbem,
1177 788 1263 837 uetus

234 884 315 941 5par
334 869 500 941 consulum,
516 869 571 930 Cn.
589 868 749 946 Pompeius
769 880 799 930 et
819 873 861 930 M.
878 872 1010 945 Crassus,
1029 875 1153 932 alterurn
1172 873 1263 934 iniere

263 966 460 1039 consulatum,
484 965 535 1042 qui
560 987 658 1044 neque
682 967 791 1044 petitus
814 970 939 1030 honeste
963 971 1003 1030 ab
1023 970 1059 1031 iis
1080 991 1178 1048 neque
1199 993 1264 1050 pro

263 1061 399 1122 babiliter
418 1075 517 1140 gestus
536 1074 588 1124 est.
633 1065 752 1126 Caesari
769 1068 841 1143 lege,
858 1086 948 1144 quam
971 1069 1132 1145 Pompeius
1153 1072 1192 1130 ad
1213 1087 1290 1147 poa

262 1163 366 1238 pulum
379 1161 452 1234 tulit,
465 1172 638 1238 prorogatae
652 1161 683 1220 in
698 1162 777 1222 idem
790 1163 918 1239 spatium
928 1165 1070 1241 temporis
1081 1166 1261 1242 prouinciae,

263 1259 372 1319 Crasso
386 1258 498 1318 bellum
510 1258 680 1318 Parthicum
695 1258 754 1318 iam
768 1259 869 1320 animo
884 1261 1019 1321 molienti
1030 1262 1112 1339 Syria
1125 1265 1262 1323 decreta:

218 1354 315 1430 ioqui
333 1354 378 1414 uir
397 1366 494 1415 cetera
511 1355 713 1416 sanctissimus
732 1355 923 1434 inmunisque
942 1359 1145 1435 uoluptatibus
1164 1379 1262 1436 neque

261 1453 293 1512 in
307 1453 435 1530 pecunia
448 1473 546 1530 neque
560 1454 591 1513 in
606 1454 698 1532 gloria
712 1455 953 1532 concupiscenda
966 1468 1018 1517 aut
1035 1460 1160 1519 modum
1177 1469 1262 1518 norat

261 1561 313 1611 aut
340 1551 476 1627 capiebat
504 1551 671 1610 terminum.
723 1554 803 1612 hunc
827 1553 1065 1629 proficiscentem
1093 1555 1123 1614 in
1149 1555 1289 1632 Syriam3

261 1647 416 1708 diriscum
431 1647 581 1708 ominibus
600 1647 711 1707 tribuni
729 1651 768 1725 pl.
785 1651 890 1710 frustra
908 1649 1033 1710 retinere
1052 1651 1169 1711 conati:
1191 1671 1263 1729 quo
1355 1637 1359 1650 ’

261 1765 328 1805 rum
343 1745 558 1806 exsecrationes
573 1745 598 1805 si
612 1745 643 1804 in
658 1745 756 1822 ipsum
776 1749 985 1808 tantummodo
1004 1747 1175 1822 ualuissent,
1191 1748 1262 1808 utile

219 1866 248 1916 15
262 1842 447 1921 imperatoris
475 1844 619 1903 damnum
648 1846 732 1903 saluo
760 1843 888 1905 exercitu
914 1845 1018 1905 luisset
1045 1845 1087 1905 rei
1114 1846 1260 1924 publicae.

260 1952 473 2018 transgressum
499 1944 672 2019 Euphraten
696 1943 836 2003 Crassum
860 1954 1072 2020 petentemque
1096 1945 1292 2012 Seleuciam4

259 2039 455 2099 circumfusus
469 2038 639 2098 inmanibus
654 2038 748 2115 copiis
762 2038 896 2116 equiturn
915 2060 965 2099 rex
979 2041 1096 2100 Orodes
1115 2062 1175 2101 una
1192 2061 1260 2102 cum

259 2149 342 2214 parte
356 2137 467 2197 maiore
477 2135 608 2197 Romani
623 2136 766 2196 exercitus
777 2136 932 2196 interemit
963 2137 1100 2214 reliquias
1109 2139 1260 2215 legionum

259 2236 294 2296 C.
312 2234 441 2308 Cassius,
461 2233 637 2294 atrocissimi
656 2254 727 2294 mox
744 2245 847 2294 auctor
866 2233 1015 2308 facinoris,
1029 2246 1092 2294 tum
1112 2247 1259 2311 quaestor,

214 2354 246 2388 20
259 2334 448 2394 conseruauit
469 2333 643 2410 Syriamque
667 2334 744 2393 adeo
771 2333 802 2392 in
829 2332 934 2409 populi
959 2332 1090 2392 Romani
1113 2345 1288 2410 potestate5

258 2431 387 2505 retinuit,
403 2442 436 2492 ut
455 2443 651 2508 transgressos
666 2430 697 2490 in
714 2450 781 2490 eam
796 2432 921 2490 Parthos
935 2429 1016 2489 felici
1033 2450 1130 2489 rerum
1150 2442 1260 2490 euentu

257 2532 372 2607 fugaret
385 2551 420 2590 ac
434 2532 579 2591 funderet.

299 2631 356 2689 Per
380 2630 454 2688 haec
478 2627 724 2706 insequentiaque
748 2638 778 2687 et
801 2646 878 2704 quae
902 2625 1100 2703 praediximus
1126 2635 1260 2703 tempora
1272 2641 1311 2703 47
1401 2690 1405 2698 ,

258 2725 385 2801 amplius
399 2743 476 2784 cccc
493 2727 574 2784 milia
595 2724 725 2785 hostium
743 2744 762 2784 a
780 2726 815 2786 C.
833 2725 960 2785 Caesare
979 2742 1065 2782 caesa
1083 2733 1160 2795 sunt,
1176 2725 1261 2799 plura

212 2843 242 2892 25
258 2834 346 2900 capta
355 2845 364 2898 3
384 2833 548 2900 pugnatum
563 2842 651 2899 saepe
670 2824 790 2882 derecta
808 2820 880 2896 acie,
897 2841 986 2898 saepe
1006 2817 1061 2901 [in]
1081 2820 1258 2897 agminibus,

290 2997 306 3028 a
323 2988 350 3028 et
361 2980 412 3029 BA
423 2999 431 3030 r
448 2997 479 3030 ac
490 2981 516 3029 P
613 2997 628 3041 4
645 2996 758 3044 querens
768 2980 795 3028 A
895 2988 970 3028 uetus
982 2995 1028 3042 par
1040 2978 1160 3029 Vrsinus:
1178 2980 1260 3028 uictus

257 3062 318 3108 pars
338 3046 392 3094 ΑΡ
504 3047 586 3095 6hiis
604 3048 648 3096 A:
675 3048 715 3095 his
734 3045 761 3093 P
823 3045 882 3108 lege
901 3044 1037 3108 quam-P:
1061 3045 1133 3106 leges
1151 3061 1215 3106 quas
1232 3045 1258 3091 A

257 3111 540 3174 8prouinciaeom.A
607 3113 689 3174 9iam
710 3112 844 3160 Heinsius:
870 3112 896 3159 in
912 3109 972 3174 AP,
990 3126 1042 3159 om.
1059 3109 1163 3158 Cludius
1231 3124 1260 3156 ra

258 3185 333 3243 seflffi
346 3196 372 3242 A
490 3209 520 3256 13
536 3195 663 3244 ominibus
680 3195 706 3242 A
718 3212 725 3243 r
745 3195 861 3243 omnibus
873 3193 915 3242 P:
935 3194 998 3241 diris
1015 3193 1166 3241 immanibus
1185 3192 1214 3241 G.
1231 3192 1257 3238 A

257 3261 343 3309 Koch:
360 3261 502 3309 Mommsen
519 3262 553 3308 sic
567 3262 680 3310 sm'bebat
695 3261 773 3310 Hunc
790 3296 796 3308 .
815 3297 822 3310 .
840 3296 846 3308 .
864 3258 927 3308 diris
939 3275 996 3308 cum
1009 3257 1126 3307 omnibus
1138 3265 1154 3306 t.
1168 3274 1191 3319 p.
1206 3257 1222 3304 s.
1240 3272 1260 3305 r.

258 3341 314 3376 con.
333 3332 417 3389 essent,
440 3333 628 3387 transgressum
648 3365 654 3378 .
672 3363 702 3378 ..
724 3326 828 3374 Orodes
848 3325 976 3373 interemit
1129 3323 1185 3372 TR.
1206 3322 1257 3373 PL.

257 3391 283 3437 A
423 3407 451 3451 14
470 3407 554 3441 execr.
571 3391 626 3439 ΑΡ
717 3391 767 3440 uile
786 3391 888 3454 Lipsius
1027 3391 1057 3435 16
1074 3387 1215 3436 Seleutiam
1231 3387 1258 3434 A

260 3470 288 3518 η
306 3457 475 3506 circumfusus
488 3456 658 3506 Vascosanusr
675 3455 917 3506 circumfusosAP:
935 3453 1092 3504 circumfusis
1101 3453 1259 3514 Gelenius,cs.

259 3555 312 3589 112.
327 3556 343 3602 4
445 3556 478 3602 24
492 3531 556 3588 Ec-cc
572 3540 683 3588 hostium
696 3540 741 3588 Ar
757 3531 824 3588 Ec'cE.
844 3538 955 3585 hostium
966 3536 993 3584 P
1066 3535 1123 3584 Ac
1141 3535 1186 3584 A:
1203 3552 1219 3584 a
1231 3535 1258 3583 C,

256 3669 359 3733 Lipsim
390 3619 422 3668 25
439 3621 527 3669 sepe·
548 3643 554 3656 ·
571 3639 578 3655 ·
598 3620 677 3668 saepe
688 3603 714 3650 Α
784 3605 817 3653 de
835 3609 905 3652 recta
917 3604 961 3651 A:
978 3602 1074 3650 directa
1085 3600 1112 3648 P
1174 3601 1201 3649 in
1213 3600 1258 3650 del.

739 3814 771 3880 65
1120 3808 1137 3862 5
