2810 4350
483 361 639 420 VELLEI
661 359 901 420 PATERCVLI

158 544 180 604 9
235 573 301 587 ...
326 545 416 603 quam
437 524 575 585 timuerat
595 521 697 596 hostis,
720 522 838 600 expetit
881 542 951 583 nam
972 522 1094 584 biennio
1115 525 1192 583 adeo

194 622 276 685 uaria
303 625 421 684 fortuna
449 642 521 682 cum
548 619 721 682 consulibus
750 620 928 695 conflixerat,
958 630 991 680 ut
1017 623 1193 698 plerumque

195 720 328 799 superior
348 722 424 780 foret
444 738 645 796 magnamque
664 729 778 794 partem
800 718 944 778 Graeciae
963 718 995 777 in
1019 718 1192 779 societatem

168 813 279 879 acuam
303 818 485 894 perduceret
537 815 609 894 quin
634 814 748 875 Rhodii
770 835 899 892 quoque,
921 815 1086 876 fidelissimi
1106 828 1194 877 antea

196 915 350 989 Romania,
380 926 443 976 tum
472 913 566 976 dubia
593 915 654 974 lide
683 913 827 990 speculati
859 916 1009 974 fortunam
1040 915 1221 992 proniores5

195 1013 270 1091 regis
298 1013 430 1092 partibus
457 1012 548 1073 fuisse
574 1012 632 1072 uisi
659 1024 748 1086 sunt3
778 1022 807 1072 et
834 1031 885 1072 rex
913 1015 1064 1073 Eumenes
1094 1013 1126 1072 in
1156 1034 1193 1072 eo

196 1112 276 1172 bello
300 1110 417 1172 medius
438 1109 494 1171 fuit
516 1109 627 1184 animo,
648 1129 747 1186 neque
768 1108 863 1170 fratris
887 1108 978 1170 initiis
1003 1130 1102 1187 neque
1123 1131 1194 1170 suae

168 1234 182 1282 3
196 1209 348 1287 respondit
362 1207 580 1270 consuetudini.
622 1219 687 1268 tum
701 1219 820 1268 senatus
834 1211 1023 1286 populusque
1038 1212 1194 1269 Romanus

197 1311 229 1368 L.
241 1307 403 1368 Aemilium
414 1309 549 1381 Paulum,
561 1305 614 1384 qui
626 1318 657 1368 et
670 1318 787 1384 praetor
797 1317 827 1368 et
837 1309 942 1367 consul
952 1307 1192 1385 triumphauerat‚
1209 1295 1212 1302 ¹

196 1406 347 1480 uirumin
371 1417 487 1467 tantum
511 1407 705 1478 laudandum,
722 1405 754 1465 in
778 1417 924 1483 quantum
948 1405 1079 1483 intellegi
1101 1407 1194 1468 uirtus
1211 1429 1240 1464 10

197 1516 303 1583 potest,
321 1502 488 1586 [consulem
503 1501 637 1584 creauit]
651 1503 745 1563 filium
760 1503 823 1564 eius
838 1503 931 1577 Pauli,
947 1503 999 1580 qui
1012 1506 1053 1565 ad
1072 1506 1193 1567 Cannas

197 1622 288 1680 quam
322 1601 547 1678 tergiuersanter
584 1600 780 1678 perniciosam
815 1599 857 1660 rei
891 1601 1029 1678 publicae
1063 1621 1194 1679 pugnam

168 1700 309 1774 4inierat,
331 1711 393 1760 tarn
414 1699 528 1760 fortiter
544 1699 576 1759 in
597 1719 633 1760 ea
653 1710 780 1760 mortem
802 1699 923 1761 obierat.
966 1699 991 1760 is
1013 1703 1133 1761 Persam
1154 1701 1196 1760 in-

197 1798 278 1876 genti
298 1798 411 1876 proelio
432 1800 513 1875 apud
533 1799 639 1858 urbem
660 1797 783 1859 nomine
805 1800 939 1875 Pydnam
961 1798 993 1859 in
1015 1800 1196 1860 Macedonia

197 1898 297 1956 fusum
311 1898 505 1974 fugatumque
524 1895 626 1956 castris
642 1895 722 1956 exuit
739 1895 904 1973 deletisque
923 1897 986 1957 eius
1001 1898 1094 1974 copiis
1109 1899 1196 1958 desti·
1212 1917 1239 1968 ³5

198 2004 296 2053 tutum
317 1992 400 2052 omni
421 2012 474 2070 spe
495 1991 591 2069 co‘e'git
612 2011 629 2052 e
651 1992 832 2053 Macedonia
852 1995 1015 2071 profugere,
1036 2014 1126 2071 quarn
1147 1995 1196 2056 ille

197 2090 337 2169 linquens
360 2090 392 2150 in
419 2090 548 2150 insulam
572 2090 805 2153 Samothraciam
826 2091 953 2168 perfugit
976 2093 1140 2170 templique
1165 2115 1196 2154 se

198 2185 332 2263 religioni
347 2186 511 2265 supplicem
526 2186 658 2247 credidit.
701 2187 741 2246 ad
755 2207 825 2246 eum
840 2188 895 2248 Cn.
912 2187 1056 2249 Octauius
1070 2200 1194 2266 praetor,

198 2285 250 2364 qui
269 2285 355 2345 classi
375 2294 515 2362 praeerat,
531 2282 667 2360 peruenit
685 2293 715 2343 et
734 2283 847 2345 ratione
868 2285 961 2362 magis
978 2305 1068 2363 quam
1088 2287 1119 2347 ui
1135 2307 1198 2364 per-

170 2379 298 2454 5suasit,
322 2391 355 2440 ut
379 2399 412 2440 se
435 2383 641 2439 Romanorum
665 2377 737 2439 fidei
760 2380 965 2442 committeret.
1018 2383 1059 2442 ita
1087 2386 1196 2443 Paulus
1212 2403 1241 2437 ιο

199 2475 362 2537 maximum
376 2475 654 2552 nobilissimumque
673 2495 771 2552 regem
790 2477 822 2537 in
836 2478 987 2556 triumpho
1001 2479 1092 2539 duxit.
1136 2500 1196 2556 quo

199 2593 280 2634 anno
299 2584 329 2633 et
348 2571 457 2633 Octaui
475 2570 588 2633 naualis
605 2573 747 2651 praetoris
767 2585 797 2634 et
811 2574 899 2634 Anici
915 2595 1015 2652 regern
1031 2577 1196 2654 Illyriorum

201 2667 345 2727 Gentium
365 2677 435 2726 ante
456 2687 574 2728 currum
595 2668 774 2745 †agentium
793 2668 936 2747 triumphi
953 2672 1036 2731 fuere
1056 2674 1195 2733 celebres.

171 2769 292 2844 6quam
311 2766 348 2827 sit
366 2766 494 2826 adsidua
513 2765 671 2827 eminentis
692 2769 828 2827 fortunae
848 2787 951 2828 comes
969 2767 1084 2830 inuidia
1096 2770 1198 2831 altissi-

201 2866 317 2943 misque
330 2866 497 2938 adhaereat,
510 2863 599 2924 etiam
618 2866 677 2924 hoc
694 2863 792 2941 colligi
810 2875 916 2941 potest,
929 2867 1012 2943 quod
1026 2887 1095 2927 cum
1110 2867 1199 2927 Anici
1214 2894 1225 2926 2
1229 2892 1242 2940 5

201 2961 369 3039 Octauique
390 2960 573 3038 triumphum
594 2980 684 3040 nemo
703 2960 909 3038 interpellaret,
931 2964 1021 3036 suere,
1042 2963 1093 3039 qui
1115 2963 1198 3022 Pauli

234 3133 245 3166 1
264 3118 303 3168 hic
311 3116 425 3180 iucrffltA
443 3117 469 3165 iu
480 3115 634 3178 summosol.
644 3130 667 3178 a,
674 3113 914 3178 praecedentibushrs
925 3116 1111 3177 ‘fragmentum
1123 3117 1199 3178 primi

200 3185 256 3234 libri
268 3184 351 3231 Vellei
367 3180 508 3232 Paterculi'
588 3197 603 3242 3
622 3181 686 3229 foret
698 3180 769 3230 Aa'ei.
783 3186 805 3228 et
815 3181 922 3229 Noua'k:
944 3181 1020 3231 fuerit
1030 3183 1070 3231 P:
1088 3183 1135 3230 fuit
1147 3183 1197 3230 BA

200 3265 216 3310 4
233 3249 295 3311 quin
309 3249 436 3298 Gelenius:
453 3247 544 3309 quibus
554 3247 622 3295 AP:
639 3261 672 3295 ex
684 3247 775 3308 quibus
786 3246 862 3295 Herel
930 3254 1006 3296 antea
1017 3247 1068 3296 BA
1082 3264 1088 3295 ι
1106 3255 1165 3296 ante
1176 3247 1202 3296 P

201 3329 217 3378 5
234 3316 359 3377 primores
369 3314 395 3361 Α
465 3329 494 3362 ιι
513 3329 583 3363 cons.
596 3312 692 3362 creauit
703 3328 753 3362 om.
762 3312 798 3376 A,
812 3313 954 3374 interpolata
966 3313 1053 3361 habuit
1061 3312 1142 3376 Orelli,
1152 3313 1202 3375 ipse

197 3380 334 3445 pmesereus
345 3380 369 3429 ei
381 3379 448 3428 bello
460 3378 587 3442 praefecit
697 3393 727 3439 13
744 3378 900 3426 mortemP:
917 3385 998 3427 morte
1009 3377 1059 3427 BA
1122 3379 1200 3426 ‘alias

202 3444 341 3496 Perseum’
353 3446 511 3494 Rhenanus:
528 3445 627 3494 Persen
638 3442 706 3505 iufra
719 3444 734 3494 i.
750 3458 812 3491 11.1
919 3458 948 3504 17
966 3444 1079 3506 perfugit
1095 3443 1201 3492 Cuusr'us

203 3528 318 3593 (Protea
338 3529 389 3578 ml.
405 3535 432 3591 p.
453 3528 527 3589 116):
552 3526 665 3590 profugit
683 3526 737 3574 ΑΡ
865 3526 895 3574 18
912 3526 958 3576 CN
977 3526 1003 3573 A
1086 3527 1152 3575 P.R.
1172 3526 1198 3573 A

202 3610 235 3643 aa
252 3593 344 3643 Octaui
351 3601 391 3657 pr.
404 3595 438 3655 A,
453 3592 538 3642 dende
547 3593 559 3641 ι’
566 3591 652 3642 addita
664 3591 765 3642 Octauii
828 3591 927 3640 naualis
944 3591 1008 3641 P.R.
1016 3591 1089 3654 pn'us
1098 3593 1134 3653 Α,
1144 3595 1202 3654 post

203 3659 368 3708 cometumiu
381 3658 444 3708 P.R.
457 3658 555 3707 naualis
639 3657 757 3706 AnitiiA
771 3660 793 3704 ef
807 3656 933 3717 et'cr‘nsra:
951 3655 1074 3706 Anicii?
1168 3671 1200 3716 23

203 3726 304 3788 agentis
318 3724 437 3782 Gelenius,
452 3723 521 3786 quod
525 3724 634 3788 plerique
644 3726 780 3786 receperunt

697 3868 712 3916 8
