3050 4350
603 369 758 430 VELLEI
780 367 1021 431 PATERCVLI

317 515 463 594 praetorio
477 517 578 590 fuerat,
594 515 685 593 ipsius
699 517 846 577 aduentus
861 515 962 593 uigore
975 535 1011 575 ac
1025 516 1137 593 fulgore
1151 526 1314 593 occupatus

317 637 349 676 se
364 616 482 678 Caesari
497 615 635 690 tradidit,
655 627 813 692 utrumque
830 617 993 692 legatorum
1014 624 1044 674 et
1065 613 1198 692 quisquis
1219 613 1314 674 cuius·

223 777 245 790 ,
316 733 376 792 que
389 713 501 774 ordinis
515 714 600 791 sequi
614 734 665 774 eos
680 715 821 786 uoluerat,
837 712 948 772 remisit
961 714 1001 773 ad
1015 712 1201 790 Pompeium.

263 828 296 888 51
358 810 496 871 Proximo
517 831 598 871 anno
620 812 693 870 dum
717 809 912 886 Dyrrachium
931 829 966 869 ac
985 809 1084 870 uicina
1103 808 1130 869 ei
1149 808 1215 869 urbi
1234 808 1314 886 regio

316 906 418 967 castris
433 908 558 985 Pompei
571 907 719 981 retinetur,
732 907 784 984 qui
797 906 899 967 accitis
910 927 945 966 ex
960 906 1099 967 omnibus
1114 906 1314 967 transmarinis
1329 931 1342 980 5

316 1005 477 1081 prouinciis
488 1006 662 1083 legionibus,
674 1005 808 1083 equitum
819 1025 855 1065 ac
868 1004 1003 1082 peditum
1017 1005 1140 1079 auxiliis,
1152 1024 1315 1082 regumque

316 1111 344 1161 et
359 1105 568 1163 tetrarcharum
583 1102 730 1180 simulque
744 1103 934 1179 dynastarum
951 1101 1045 1178 copiis
1064 1101 1215 1162 inmanem
1238 1122 1315 1162 exer·

317 1199 409 1260 citum
434 1202 600 1261 coniecerat
622 1211 652 1260 et
676 1220 756 1259 mare
780 1198 932 1276 praesidiis
957 1198 1103 1272 classium,
1128 1211 1160 1259 ut
1187 1199 1313 1272 rebatur,

317 1308 473 1374 saepserat,
489 1317 550 1375 quo
575 1296 673 1357 minus
696 1298 805 1358 Caesar
829 1295 959 1373 legiones
984 1307 1085 1373 posset
1109 1295 1313 1370 transmittere,

290 1413 371 1454 asua
393 1405 423 1454 et
444 1393 592 1454 celeritate
614 1405 644 1453 et
666 1395 784 1453 fortuna
806 1393 840 1454 C.
865 1393 975 1454 Caesar
997 1412 1068 1452 usus
1087 1391 1161 1452 nihil
1179 1391 1211 1451 in
1232 1412 1316 1453 mora
1331 1413 1362 1448 ro

317 1491 429 1565 habuit,
445 1491 619 1569 quominus
636 1502 665 1551 et
683 1511 751 1551 cum
768 1492 858 1550 uellet
876 1489 939 1566 ipse
954 1489 1157 1569 exercitusque
1171 1489 1315 1551 classibus

317 1587 492 1666 perueniret,
507 1599 537 1648 et
550 1587 647 1664 primo
661 1607 756 1664 paene
770 1586 871 1646 castris
886 1586 1011 1664 Pompei
1025 1607 1079 1647 sua
1092 1587 1233 1665 iungeret,
1246 1608 1316 1648 mox

317 1685 407 1745 etiarn
421 1684 578 1744 obsidione
601 1683 853 1762 munimentisque
875 1705 943 1744 eum
966 1687 1218 1761 complecteretur.
1262 1687 1315 1746 sed
1401 1683 1405 1693 ’

290 1799 304 1848 3
316 1781 419 1859 inopia
432 1780 638 1842 obsidentibus
653 1802 743 1859 quarn
758 1780 886 1842 obsessis
900 1793 962 1842 erat
971 1781 1094 1858 grauior.
1128 1794 1192 1842 tum
1204 1783 1315 1843 Balbus

318 1877 474 1941 Cornelius
499 1881 660 1939 excedente
683 1881 844 1939 humanam
866 1880 957 1938 fidem
980 1879 1144 1939 temeritate
1168 1879 1315 1956 ingressus
1332 1902 1362 1953 ¹5

318 1985 412 2034 castra
431 1974 561 2035 hostium
580 1975 757 2052 saepiusque
771 1995 840 2034 cum
856 1978 984 2035 Lentulo
1000 1978 1165 2036 collocutus
1182 1979 1314 2051 consule,

319 2071 473 2132 dubitante
495 2072 597 2149 quanti
620 2091 651 2132 se
673 2075 824 2146 uenderet,
845 2072 901 2132 illis
924 2073 1112 2134 incrementis
1134 2074 1203 2134 fecit
1225 2075 1314 2150 uiam,

318 2168 427 2246 quibus
441 2189 503 2229 non
519 2169 727 2246 Hispaniensis
738 2180 833 2243 natus,
846 2171 900 2230 sed
915 2169 1078 2248 Hispanus,
1090 2171 1121 2230 in
1132 2171 1315 2250 triumphum

318 2277 348 2325 et
366 2265 571 2342 pontificatum
593 2267 763 2343 adsurgeret
784 2267 926 2344 fieretque
948 2288 983 2327 ex
1005 2267 1121 2344 priuato
1143 2270 1313 2331 consularia

318 2362 463 2423 uariatum
478 2363 587 2424 deinde
604 2363 730 2440 proeliis
747 2365 801 2424 sed
822 2385 884 2425 uno
906 2367 994 2442 longe
1013 2365 1105 2442 magis
1125 2368 1315 2446 Pompeianis
1332 2387 1363 2423 20

318 2479 468 2536 prospero,
484 2480 545 2538 quo
558 2460 684 2537 grauiter
698 2460 817 2538 impulsi
832 2472 901 2521 sunt
916 2462 1049 2523 Caesaris
1063 2463 1178 2524 milites.

266 2574 305 2633 52
358 2559 438 2616 Tum
461 2558 570 2618 Caesar
593 2577 661 2618 cum
684 2557 812 2618 exercitu
834 2560 953 2618 fatalem
972 2558 1113 2620 uictoriae
1134 2580 1205 2620 suae
1223 2563 1316 2623 Thes·

292 2652 421 2717 asaliam
443 2653 534 2730 petiit.
578 2653 748 2730 Pompeius,
773 2653 861 2732 longe
885 2655 1002 2715 diuersa
1023 2656 1087 2716 aliis
1112 2657 1314 2733 suadentibus,

319 2770 445 2827 quorum
469 2750 602 2828 plerique
624 2751 825 2825 hortabantur,
849 2752 934 2812 utin
963 2753 1080 2813 Italiam
1108 2755 1316 2816 transmitteret

354 2919 364 2950 1
383 2905 495 2952 aduentu
504 2903 574 2953 AP:
591 2905 718 2954 aduentus
729 2905 841 2954 Gelenius
923 2921 935 2955 a
952 2914 1087 2968 utrumque
1098 2909 1194 2970 smpsi:
1207 2916 1315 2972 uterque

318 2967 373 3014 ΑΡ
457 2969 651 3029 gremisitAP
732 2986 822 3032 4cum
833 2970 901 3020 AP:
919 2974 1074 3034 dumsm'psa'
1121 2974 1314 3036 DyrachiumA

319 3033 404 3082 uicina
422 3033 462 3081 P:
484 3035 577 3084 uicinia
596 3035 650 3083 AB
757 3037 915 3098 5Pompeid
939 3039 991 3101 (sic)
1009 3038 1090 3099 juisse
1108 3039 1134 3087 in
1154 3040 1315 3099 Murbacensr',

315 3105 408 3162 puncto
427 3099 514 3149 deletr'li
530 3101 700 3162 suprascripto,
717 3107 819 3149 testatur
834 3102 931 3151 Bumr:
956 3102 1063 3165 Pompei
1080 3104 1122 3155 A:
1150 3105 1274 3167 Pompeio
1293 3106 1319 3154 P

319 3179 376 3212 cum
395 3165 554 3214 obtineretur
569 3166 702 3218 Heinsius:
721 3166 765 3214 sed
778 3168 903 3216 retinetur
919 3175 954 3215 est
969 3169 995 3216 in
1012 3168 1091 3216 ABP
1154 3176 1180 3218 et
1196 3178 1315 3233 suprascr.

320 3245 354 3276 ex
372 3229 397 3275 A
516 3238 573 3293 7et
592 3231 649 3281 add.
672 3232 784 3280 Gelenius
856 3235 1027 3282 tetrarcharum
1050 3234 1104 3281 AB
1176 3236 1250 3285 simul
1272 3236 1315 3287 A:

319 3294 444 3356 simulque
462 3295 512 3344 PB
621 3298 773 3358 Bpraesidii
789 3297 866 3346 disA
934 3300 1065 3348 uirebatur
1083 3299 1109 3346 P
1125 3306 1148 3347 et
1165 3301 1201 3361 A,
1220 3302 1264 3349 sed
1280 3301 1319 3350 hic

320 3362 482 3424 suprascn'pto
494 3367 521 3409 ut
533 3361 641 3423 rebatur,
655 3363 723 3424 quod
731 3363 870 3411 Rhenanus
880 3365 940 3414 coni.
1019 3367 1205 3428 9sepseratA
1287 3383 1314 3416 11

321 3433 347 3472 et
366 3440 417 3485 quo
435 3425 582 3475 Acidalius:
610 3443 710 3489 eoquo
729 3428 812 3476 Halm
833 3433 875 3489 (eo
895 3430 948 3477 iam
968 3428 1039 3485 Voss)
1158 3447 1187 3491 14
1204 3432 1317 3482 obsessis

321 3496 375 3537 erat
392 3489 432 3539 P:
458 3492 604 3542 obsesserat
619 3493 645 3539 A
759 3496 789 3541 16
806 3495 871 3543 conl.
888 3493 944 3542 ΑΡ
1007 3495 1112 3544 consule
1128 3496 1174 3546 A:
1199 3498 1273 3546 COS.
1294 3497 1321 3546 P

322 3555 352 3601 18
370 3554 553 3617 Hispaniensis
565 3558 680 3620 Lipsius:
698 3558 840 3620 Hispaniae
855 3560 933 3608 Asiae
945 3560 1012 3609 AP:
1031 3562 1163 3623 Hispanae
1181 3564 1317 3624 prosapiae

325 3619 440 3669 Thomas.
470 3621 552 3669 Bum
560 3623 690 3671 aduolauit
701 3625 780 3672 ‘mihi
788 3624 917 3687 legendum
930 3627 1028 3673 ua'detur
1036 3643 1089 3675 non
1099 3627 1242 3690 Hispaniae
1254 3645 1317 3678 suae

321 3684 428 3734 natus’:
445 3702 497 3735 non
515 3687 648 3737 Romanus
660 3690 686 3737 in
699 3689 825 3752 Hispania
841 3698 915 3739 natus
925 3690 1013 3740 Novak

804 3855 835 3909 70
