3050 4350
580 319 735 377 VELLEI
758 320 999 380 PATERCVLI

291 483 432 561 iussuque
448 487 489 546 M.
506 484 628 558 Antoni,
644 485 728 546 cuius
748 506 835 563 opem
855 486 986 564 petierat,
1003 489 1075 547 dum
1092 486 1168 547 inter
1181 490 1290 548 ducem

291 595 321 643 et
341 583 506 661 supplicem
526 586 719 644 tumultuatur
739 596 769 645 et
790 606 871 645 nunc
889 585 1063 663 dignitatem
1080 585 1193 660 retinet,
1210 606 1291 646 nunc

263 695 278 742 6
292 680 384 740 uitam
398 692 541 757 precatur,
556 701 574 740 a
588 680 669 741 Titio
688 681 834 758 iugulatus
852 694 913 742 est:
936 682 984 742 cui
998 682 1029 742 in
1044 695 1159 743 tantum
1173 683 1291 743 durauit

291 782 350 840 hoc
372 779 502 839 facinore
523 791 707 839 contractum
731 779 842 853 odium,
865 792 898 841 ut
920 801 990 841 mox
1011 783 1098 841 ludos
1123 780 1153 840 in
1176 783 1290 841 theatro

197 915 199 920 ,
293 876 417 953 Pompei
437 875 547 936 faciens
572 876 772 938 exsecratione
790 877 894 955 populi
913 880 1091 956 spectaculo,
1107 881 1190 955 quod
1211 899 1319 956 prae-5

293 976 391 1048 bebat,
406 977 569 1051 pelleretur.
687 1047 690 1054 Ι

238 1073 279 1131 80
333 1071 490 1132 Acciuerat
517 1092 620 1150 gerens
649 1084 751 1132 contra
785 1073 962 1150 Pompeium
990 1075 1101 1134 bellum
1130 1094 1165 1133 ex
1193 1072 1293 1132 Africa

294 1171 403 1231 Caesar
417 1169 564 1247 Lepidum
580 1190 649 1230 curn
664 1169 823 1230 duodecim
839 1170 1008 1248 semiplenis
1025 1171 1198 1248 legionibus
1242 1170 1292 1231 hic

293 1266 337 1325 uir
364 1267 499 1327 omnium
527 1267 704 1327 uanissimus
735 1288 833 1344 neque
860 1270 920 1328 ulla
947 1268 1055 1329 uirtute
1083 1280 1143 1328 tam
1171 1271 1290 1346 longam

292 1367 426 1426 fortunae
458 1365 672 1444 indulgentiam
707 1366 827 1426 meritus
862 1367 1021 1427 exercitum
1056 1366 1190 1444 Pompei,
1221 1366 1292 1444 quia
1307 1390 1337 1424 ro

293 1462 412 1540 propior
425 1465 527 1536 fuerat,
544 1474 718 1540 sequentem
737 1484 799 1523 non
821 1463 922 1541 ipsius,
938 1466 992 1524 sed
1015 1463 1149 1525 Caesaris
1167 1463 1292 1524 auctori-

266 1588 277 1621 2
292 1572 383 1621 tatem
397 1581 432 1620 ac
443 1563 542 1634 fidem,
553 1560 609 1622 sibi
618 1561 751 1621 iunxerat
761 1561 939 1639 inflatusque
949 1561 1075 1640 amplius
1086 1581 1131 1621 xx
1141 1561 1292 1639 legionum

293 1678 417 1719 numero
431 1657 462 1716 in
476 1657 507 1718 id
522 1657 626 1719 furoris
640 1672 830 1736 processerat,
842 1671 875 1719 ut
889 1659 999 1720 inutilis
1014 1659 1044 1718 in
1059 1659 1155 1720 aliena
1169 1659 1292 1720 uictoria

293 1775 402 1828 comes,
432 1776 522 1832 quarn
549 1755 602 1816 diu
632 1768 763 1816 moratus
796 1768 865 1830 erat,
894 1756 1068 1817 dissidendo
1096 1756 1126 1816 in
1162 1755 1291 1817 consiliis

294 1851 412 1914 Caesari
427 1865 456 1912 et
470 1872 587 1929 semper
600 1852 717 1913 diuersa
730 1853 785 1927 his,
801 1874 878 1930 quae
891 1853 955 1913 aliis
969 1855 1136 1931 placebant,
1152 1853 1290 1926 dicendo
1308 1877 1337 1928 15

294 1960 387 2010 totam
402 1948 556 2010 uictoriam
571 1962 603 2010 ut
617 1971 701 2010 suam
716 1950 960 2028 interpretaretur,
977 1952 1166 2028 audebatque
1180 1953 1293 2011 denun-

267 2074 280 2121 3
294 2047 365 2108 tiare
380 2047 507 2121 Caesari,
524 2050 678 2108 excederet
692 2045 797 2107 Sicilia
841 2068 903 2108 non
917 2048 956 2107 ab
967 2047 1156 2125 Scipionibus
1170 2047 1293 2124 aliisque

295 2146 443 2208 ueteribus
456 2150 661 2206 Romanorum
673 2149 784 2206 ducum
796 2145 959 2223 quidquam
970 2167 1076 2206 ausum
1087 2157 1293 2223 patratumque

294 2243 397 2304 lortius
412 2264 502 2320 quam
518 2255 589 2303 tunc
603 2263 621 2302 a
641 2245 774 2304 Caesare.
818 2243 929 2321 quippe
945 2264 1013 2303 cum
1028 2242 1147 2304 inermis
1163 2254 1192 2303 et
1206 2245 1294 2302 lacer-

295 2355 381 2403 natus
410 2353 494 2416 esset,
518 2353 633 2420 praeter
655 2362 765 2402 nomen
790 2341 865 2401 nihil
887 2345 1014 2416 trabem,
1030 2342 1177 2419 ingressus
1200 2353 1295 2401 castra
1309 2367 1340 2401 ro

295 2439 410 2516 Lepidi,
426 2438 551 2513 euitatiS,
567 2459 643 2516 quae
657 2438 738 2498 iussu
753 2438 882 2499 hominis
899 2439 1065 2517 prauissimi
1085 2436 1167 2521 [tela]
1183 2439 1213 2498 in
1225 2459 1294 2499 eum

294 2549 361 2598 acta
375 2550 466 2611 erant,
482 2558 551 2598 eum
570 2540 687 2597 lacerna
701 2537 764 2598 eius
781 2541 927 2615 perforata
946 2549 1024 2598 esset
1037 2541 1148 2612 lancea,
1164 2537 1294 2615 aquilam

265 2636 419 2713 4legionis
447 2655 548 2712 rapere
582 2656 671 2695 ausus
706 2648 758 2696 est
809 2636 907 2709 scires
936 2636 1010 2713 quid
1039 2635 1192 2696 interesset
1220 2635 1296 2696 inter

296 2737 405 2794 duces:
427 2732 531 2792 armati
545 2732 689 2793 inermem
704 2733 797 2793 secuti
816 2745 885 2793 sunt
904 2733 1082 2811 decimoque
1100 2755 1181 2795 anno
1204 2755 1294 2812 quam

294 2832 335 2890 ad
355 2828 590 2906 indignissimam
615 2829 676 2890 uita
698 2851 752 2891 sua
773 2831 937 2909 potentiam
958 2844 1140 2909 peruenerat,
1163 2832 1295 2911 Lepidus
1311 2855 1321 2889 r
1326 2855 1340 2905 5

331 2984 532 3034 rAntoniiAP
627 2987 812 3047 5execr.AP
874 2987 1043 3048 quodom.A
1130 2989 1296 3052 8Laepidum

296 3086 352 3118 cum
368 3061 407 3117 in
418 3067 443 3115 A
530 3084 559 3129 13
577 3068 602 3117 in
614 3069 699 3118 aliena
710 3071 817 3118 uictoria
828 3069 924 3119 Burer:
941 3071 968 3118 in
980 3071 1080 3119 alienae
1091 3072 1215 3120 uictoriae
1227 3073 1297 3122 AB:

296 3136 396 3184 alienae
406 3135 527 3183 uictoriae
539 3134 565 3182 P
630 3151 659 3196 14
676 3136 797 3196 quamdiu
807 3136 833 3182 Α
908 3150 937 3196 ¹5
955 3136 1060 3184 Caesari
1070 3136 1217 3186 Acidalius:
1234 3138 1296 3189 diss.

297 3216 366 3250 cons.
385 3201 503 3248 Caesaris
521 3200 619 3248 Halm:
643 3201 761 3266 Caesaris
777 3201 836 3263 ΑΡ,
855 3201 923 3262 quod
936 3202 960 3248 si
974 3202 1118 3263 retinebatur,
1138 3205 1188 3261 mr,
1207 3204 1298 3265 quoties

299 3266 391 3314 Caesar
404 3266 546 3313 deliberabat
559 3281 615 3312 cum
627 3267 724 3314 consilio
739 3283 786 3314 suo
850 3267 890 3314 his
903 3282 962 3327 quae
973 3267 1010 3317 P:
1029 3268 1069 3315 his
1079 3283 1104 3328 q.
1116 3267 1142 3314 Α
1154 3285 1159 3316 :
1178 3269 1209 3316 iis
1223 3269 1300 3317 Orelli

301 3333 331 3379 16
348 3337 428 3379 totam
439 3330 489 3377 BA
503 3349 509 3379 :
529 3337 609 3379 tutam
620 3330 647 3378 P
709 3331 923 3393 interpretaretur
937 3333 1098 3394 audebatque
1114 3332 1242 3384 Gelenius:
1259 3334 1298 3382 in·

298 3397 486 3457 terpretabatur
501 3398 662 3458 audebatque
674 3395 739 3447 AP:
761 3397 975 3458 interpretaretur
991 3400 1148 3460 auderetque
1165 3399 1297 3449 Ruhnken.

297 3461 343 3510 An
356 3462 512 3524 parenthesin
521 3463 623 3523 sariunt
638 3463 682 3509 illa
699 3463 725 3510 in
743 3463 769 3510 id
781 3462 875 3510 suroris
897 3470 1116 3524 processerat...
1130 3463 1250 3521 dicendo,
1271 3471 1300 3513 ut

299 3526 457 3589 respondeant
474 3527 537 3575 enter
553 3543 579 3575 se
595 3528 721 3588 iunxerat,
734 3529 963 3589 interpretabatur?
1074 3544 1102 3590 17
1120 3530 1209 3578 aliisue
1223 3530 1301 3578 Orelli

299 3608 331 3640 ao
348 3598 435 3653 preter
445 3590 470 3638 Α
566 3608 596 3641 ar
611 3593 661 3641 tela
672 3592 710 3640 P:
727 3609 777 3643 om.
789 3593 815 3640 A
908 3610 939 3642 aa
956 3600 1013 3642 acta
1024 3593 1091 3646 AP:
1109 3595 1174 3643 iacta
1187 3595 1300 3643 Gelenius

299 3657 362 3705 Post
371 3658 462 3705 lancea
472 3673 571 3706 erasum
582 3664 617 3705 est
628 3660 653 3706 in
664 3659 690 3705 Α
703 3674 719 3719 q
830 3673 862 3720 25
879 3659 1080 3721 indignissimam
1092 3660 1225 3723 Ruhnken,
1233 3660 1302 3724 quod

303 3724 326 3772 T
323 3723 413 3771 homas
422 3723 543 3786 suppleuit
554 3723 642 3771 adiecto
653 3724 737 3773 illam:
755 3724 781 3772 in
792 3724 931 3790 dissimil(ll
941 3724 1052 3788 Plinium
1063 3725 1118 3773 ΑΡ

782 3833 815 3884 94
