2810 4350
568 300 892 376 Pnonsconsnn

229 499 284 540 esse
294 484 330 556 A,
346 484 470 558 equestri
482 485 618 557 Burerus,
634 484 770 559 equestris
780 485 812 542 P.
846 482 908 541 Hic
922 483 984 541 duo
999 491 1141 541 testantur
1151 480 1231 548 abla-

229 587 333 662 tiuum,
349 609 409 648 una
423 592 447 648 P
461 591 603 664 equestres.
648 588 791 650 Cedimus
813 587 925 664 duplici
936 586 1127 661 testimonio;
1148 586 1228 646 uide-

227 693 297 754 licet
310 697 423 754 ordinis
436 705 608 771 corruptum
630 697 724 754 fuerat
741 694 772 753 in
789 696 968 770 archetypo,
988 696 1111 753 fortasse
1129 695 1229 752 ordine

227 799 258 859 in
280 803 388 864 ordiuu
407 800 464 879 (est
483 813 505 859 u
522 800 733 877 compendium
759 799 918 876 scripturae
938 819 993 876 pro
1013 797 1060 878 is)
1081 809 1227 858 mutatum

227 907 329 965 fuerat.
373 907 466 981 Quod
490 917 590 966 autem
612 909 641 965 A
665 906 755 965 habet
777 907 919 982 sequestri,
945 909 1072 964 Burerus
1096 904 1225 979 equestri,

227 1014 318 1071 credo
331 1013 371 1071 ad
387 1013 617 1072 Murbacensem
631 1011 752 1088 propius
767 1015 796 1070 A
809 1013 951 1071 accedere
963 1033 972 1085 3
992 1032 1006 1069 s
1020 1010 1093 1070 illud
1109 1020 1177 1086 post
1187 1029 1226 1068 ex

227 1128 334 1193 sponte
348 1117 515 1178 adcreuisse
534 1138 586 1194 per
601 1117 666 1178 soni
681 1117 913 1190 similitudinem,
932 1119 1110 1193 exsequestrz,
1126 1136 1227 1192 quem-

225 1225 390 1284 admodum
410 1227 530 1302 exsequi,
546 1227 653 1302 exequi
664 1225 835 1302 saepissime
849 1225 924 1284 inter
938 1245 970 1285 se
985 1236 1097 1284 mutata
1118 1235 1225 1297 extant,

225 1329 267 1390 ita
288 1342 387 1392 tamen
405 1344 437 1392 ut
456 1354 512 1392 eus.
529 1336 734 1410 frequentetur*
744 1333 836 1410 magis
851 1333 881 1393 in
896 1333 1115 1410 antiquissimis

268 1459 293 1515 3.
317 1439 391 1499 Loci
405 1439 436 1499 in
451 1441 559 1517 quibus
574 1443 603 1500 A
617 1452 646 1500 et
661 1439 815 1520 B(urerus)
830 1452 933 1500 contra
948 1443 971 1499 P
986 1439 1163 1516 conspirant.

266 1544 293 1604 ii.
314 1563 357 1622 15.
379 1567 391 1604 1
407 1549 586 1605 Fontemium
601 1549 665 1619 AB,
680 1548 832 1606 Fonteium
847 1550 879 1607 P.
923 1567 969 1623 32·
990 1568 1001 1604 1
1023 1547 1144 1606 uimium
1166 1548 1225 1605 iam

224 1652 297 1709 liber
319 1660 399 1710 aeret
418 1654 487 1728 reip.
512 1655 576 1726 AB,
599 1654 672 1711 liber
693 1673 758 1711 uere
787 1655 855 1729 reip.
882 1655 914 1712 P.
958 1652 1020 1712 Hic
1044 1654 1225 1728 archetypon

223 1765 303 1816 aeret
314 1757 413 1834 potius
428 1778 519 1834 quam
533 1779 598 1817 uere
611 1758 790 1834 praestitisse
810 1757 919 1831 iudico,
936 1758 1072 1834 quamuis
1086 1757 1117 1816 in
1132 1758 1225 1818 dubio

224 1862 261 1923 sit
276 1864 349 1941 quid
371 1864 402 1923 in
423 1865 475 1924 illo
495 1873 551 1924 -ret
570 1867 666 1937 lateat,
689 1863 842 1941 possitque
865 1884 900 1924 ex
923 1885 1004 1923 mera
1028 1863 1225 1941 dittographia

223 1970 351 2043 uenisse,
375 1991 444 2030 cum
463 1973 508 2030 rei
527 1973 604 2031 male
627 1973 793 2030 confusum.
836 1973 885 2029 An
910 1969 1061 2046 exciditſs
1082 1970 1224 2047 paulatim

224 2076 334 2136 deinde
356 2097 391 2137 ex
412 2080 516 2137 liberae
521 2079 596 2154 fieri
607 2080 676 2154 reip.
692 2080 854 2138 conflatum
870 2088 914 2137 est
928 2079 1001 2136 liber
1013 2080 1110 2136 aeret?
1142 2098 1188 2150 44.
1207 2099 1223 2136 2

191 2234 193 2240 .
224 2185 393 2243 aucturetate
406 2186 528 2267 ,Pompei
539 2186 604 2243 uiui
614 2186 727 2243 uiribus
736 2192 843 2243 teueret
855 2185 989 2245 Cuesuris
1000 2187 1028 2242 A
1042 2194 1071 2243 et
1086 2161 1223 2256 Burnus,

223 2291 336 2348 ut're'bus
350 2289 413 2350 sine
428 2291 491 2348 uiri
499 2293 530 2349 P.
575 2289 692 2349 Habuit
713 2289 800 2365 igitur
815 2289 1030 2362 Murbacensis,
1046 2289 1098 2366 qui
1112 2292 1224 2350 Burero

222 2394 254 2453 in
269 2394 407 2456 manibus
421 2407 491 2469 erat,
501 2395 582 2455 illam
597 2395 829 2471 geminationem
844 2397 907 2454 uiri
919 2397 1038 2468 uiribus,
1054 2397 1093 2455 ad
1108 2406 1223 2455 senten-

222 2499 294 2559 tiam
309 2500 500 2578 ineptissime,
512 2503 552 2560 ad
566 2512 697 2560 nostram
712 2500 800 2560 crisin
815 2499 987 2560 utilissime:
1007 2502 1041 2559 fit
1056 2501 1135 2560 enim
1152 2521 1222 2561 uero

222 2605 325 2678 simile,
336 2617 369 2665 ut
381 2609 533 2678 Burerum,
550 2606 592 2666 sic
607 2606 696 2666 etiam
707 2606 948 2682 Amerbachium,
961 2605 1094 2682 ineptum
1104 2607 1177 2666 illud
1191 2606 1222 2666 in

224 2712 415 2772 Murbacensi
444 2712 558 2788 legisse.
615 2715 661 2787 87.
693 2733 704 2770 1
732 2715 778 2771 At
804 2713 957 2789 Cleopatra
977 2712 1139 2788 frustratis
1165 2733 1223 2772 eus-

223 2819 334 2876 todibus
356 2819 452 2877 iulatu
473 2821 599 2895 aspidem
621 2838 733 2877 mersus
754 2817 893 2896 (alteras
915 2817 1050 2898 inducta)
1073 2839 1142 2878 saue
1163 2821 1223 2879 eius

220 2934 321 3001 expers
348 2925 495 2984 muliebris
523 2933 612 2982 metus
639 2926 774 3001 spiritum
797 2925 925 2982 reddedit
944 2927 981 2997 A,
1005 2927 1099 2982 inluta
1124 2928 1222 3002 esurite

221 3031 253 3089 iu
268 3049 364 3088 morsu
377 3031 512 3102 Burems,
528 3031 623 3087 inluta
637 3031 734 3105 aspide
749 3049 844 3088 morsu
860 3033 891 3088 P.
922 3032 1037 3089 Rursus
1052 3031 1222 3110 conspirant

221 3137 250 3194 A
271 3146 300 3194 et
320 3139 344 3194 B
369 3145 472 3194 contra
493 3138 526 3207 P,
550 3136 604 3194 sed
627 3137 709 3210 quod
729 3137 761 3194 iu
783 3134 861 3208 huic,
884 3156 912 3193 m
936 3134 1036 3211 potius
1057 3135 1155 3196 uisum
1176 3149 1221 3198 est

219 3241 441 3302 ‘Amerbachi02
474 3241 574 3318 itaque
603 3241 657 3301 fuit
681 3241 712 3300 in
733 3241 926 3302 Murbacensi,
945 3243 1026 3318 quod
1048 3245 1097 3302 uel
1118 3246 1149 3303 in
1171 3247 1220 3306 uel

221 3368 248 3405 m
270 3359 371 3424 posset
392 3347 470 3424 legi;
498 3367 596 3424 neque
620 3347 652 3406 id
673 3358 752 3410 recte
774 3369 792 3406 a
817 3349 967 3407 Rhenano
989 3349 1131 3410 omissum
1156 3351 1219 3412 siue

219 3454 317 3538 uerius
332 3465 514 3531 expunctum
528 3451 579 3513 e'st.

260 3581 287 3634 4.
312 3561 385 3621 Loci
395 3562 444 3621 uel
460 3562 607 3620 uocabula
621 3579 747 3636 quorum
756 3560 944 3652 'deprauatim
958 3561 1033 3622 sicut
1047 3575 1125 3626 extat
1139 3564 1169 3624 in
1181 3569 1217 3638 A,

221 3667 375 3728 manifeste
395 3667 470 3728 redit
485 3668 524 3727 ad
543 3666 679 3727 codicem
697 3666 748 3742 qui
769 3686 822 3742 per
842 3678 1019 3730 uetustatem
1035 3670 1220 3744 obscuratus,

693 3774 738 3820 xix
1058 3775 1097 3835 b*

1131 3848 1141 3876 A
