2810 4350
573 305 897 366 PROLEGOMENA

238 469 346 546 prodiit
382 470 519 531 Rhenani
553 470 657 551 editio)
668 494 676 546 ;
716 471 827 531 idcirco
865 475 1055 532 statuendum
1091 471 1144 532 erit
1182 484 1234 533 aut

238 576 435 636 Amerbachio
467 578 645 637 Rhenanum
686 599 794 638 munus
825 577 1002 654 imposuisse
1044 578 1234 639 describendi

236 682 356 755 codicis,
381 694 432 742 aut
458 685 605 743 Rhenano
629 684 868 757 Amerbachium,
898 704 959 744 non
983 683 1039 744 sibi
1067 684 1175 761 potius,
1201 685 1233 745 id

235 790 426 865 apographon
451 809 511 866 quo
538 791 637 850 adhuc
664 789 780 863 utimur,
804 789 974 850 confecisse.
1019 790 1102 865 Quid
1130 790 1234 850 enim?

235 892 294 952 iam
315 913 394 954 anno
413 913 485 973 1515
504 895 626 956 inuento
645 895 813 956 Murbachii
834 894 946 969 codice,
965 915 1066 955 nonne
1088 895 1233 956 continuo

237 1000 408 1074 Rbenanus,
424 1022 521 1079 neque
542 1015 610 1080 post
624 1004 790 1080 complures
806 1005 927 1063 demum
942 1022 1068 1075 menses,
1079 1001 1111 1061 id
1125 1002 1232 1062 descri-

235 1106 368 1166 bendum
390 1109 428 1169 ab
450 1109 547 1170 amico
566 1122 718 1170 curaturus
739 1113 822 1171 erat?
856 1109 933 1185 Quis
955 1120 1055 1169 autem
1084 1111 1231 1186 spondeat

236 1213 383 1273 Rhenano
407 1235 443 1274 ex
469 1215 570 1276 amicis
592 1218 812 1276 adulescentem
836 1214 1024 1293 potissimum
1045 1215 1192 1292 placuisse
1213 1236 1232 1275 a

233 1338 294 1394 quo
308 1318 340 1379 id
354 1341 461 1381 munus
475 1326 608 1399 peteret?

273 1427 333 1486 Sed
347 1438 429 1487 esto:
451 1429 529 1505 finge
543 1428 784 1501 Amerbachium,
800 1439 833 1487 ut
853 1439 924 1504 pote
945 1426 1110 1487 doctiorem
1125 1427 1230 1488 ceteris

232 1552 301 1591 cum
313 1531 344 1592 id
358 1533 386 1593 ei
399 1555 507 1594 munus
521 1537 650 1612 legatum
660 1546 737 1594 esset
747 1535 785 1594 ab
796 1533 903 1608 amico,
913 1533 1040 1593 libenter
1053 1533 1228 1609 suscepisse,

231 1638 357 1716 negotiis
368 1650 467 1700 tamen
481 1643 529 1701 uel
544 1641 649 1702 studiis
664 1641 849 1718 impeditum,
863 1660 925 1700 non
940 1639 1038 1700 statim
1052 1650 1121 1716 post
1135 1659 1230 1715 reper-

232 1756 296 1804 tum
310 1745 453 1820 codicem,
470 1749 523 1808 sed
537 1769 588 1808 sex
601 1747 731 1824 denique
746 1749 794 1808 uel
809 1757 923 1824 septem
938 1745 1046 1806 exactis
1066 1744 1228 1819 mensibus,

231 1851 294 1912 siue
317 1852 413 1929 ipsum
440 1855 668 1915 Murbacensem
690 1853 753 1914 siue
775 1855 924 1930 exemplar
944 1851 1007 1912 eius
1029 1851 1227 1928 descripsisse.

232 1958 329 2019 Etiam
365 1962 544 2021 concedatur
578 1982 633 2021 nos
661 1960 752 2020 hodie
782 1959 813 2018 in
846 1959 984 2019 manibus
1012 1958 1122 2017 habere
1154 1957 1228 2017 illud

230 2064 328 2141 ipsum
349 2069 540 2144 apographon
569 2069 651 2144 quod
673 2065 812 2127 Rhenani
840 2066 921 2126 iussu
946 2067 1126 2137 confectum,
1150 2065 1229 2124 Rhe-

230 2193 325 2233 nanus
360 2173 505 2251 iniquiore
541 2173 651 2235 iudicio
688 2173 881 2234 damnauerit.
947 2171 1104 2233 Idcircone
1140 2170 1228 2231 nobis

229 2277 340 2340 iudicio
355 2280 417 2340 eius
437 2280 683 2341 subscribendum
703 2280 781 2341 erit?
821 2283 870 2340 An
892 2299 954 2339 non
974 2277 1051 2337 illius
1065 2276 1227 2353 apographi

229 2405 264 2445 ea
278 2397 322 2446 est
336 2387 449 2463 species
463 2390 504 2448 ob
518 2409 608 2466 quam
624 2390 788 2448 Rhenanus
803 2386 907 2447 merito
922 2387 1115 2446 oblocuturus
1130 2383 1227 2444 amico

228 2491 336 2552 fuerit?
371 2495 458 2568 Nam,
480 2505 514 2554 ut
534 2494 602 2568 dixi,
625 2493 649 2554 si
674 2493 741 2571 quis
765 2493 797 2554 id
823 2493 952 2570 primum
980 2489 1147 2566 inspexerit,
1171 2488 1228 2550 dis-

228 2597 386 2659 tinctiones
414 2599 566 2660 mirabitur
593 2600 850 2678 neglegentissime
879 2598 1000 2676 positas,
1030 2596 1122 2656 uerba
1149 2596 1226 2654 male

227 2704 331 2779 diuisa,
347 2705 576 2767 inconstantiam
597 2707 720 2767 nomina
740 2709 874 2767 locorum
895 2703 1113 2779 hominumque
1134 2701 1226 2760 modo

228 2811 342 2888 magnis
365 2813 456 2872 modo
476 2813 575 2889 paruis
596 2813 698 2873 litteris
715 2812 872 2885 scribendi,
889 2813 982 2871 multa
996 2809 1108 2868 incerta
1126 2806 1227 2866 relicta

227 2937 358 2994 quonam
379 2920 470 2978 modo
488 2930 566 2979 recte
583 2921 755 2997 legerentur,
776 2921 870 2979 multa
889 2919 987 2978 deleta
1006 2926 1035 2974 et
1049 2915 1080 2974 in
1095 2912 1226 2990 margine

226 3034 294 3099 post
308 3036 447 3098 correcta,
468 3025 597 3102 denique
619 3025 805 3103 chirographi
825 3045 919 3103 genus
937 3025 1070 3084 deforme
1085 3040 1141 3080 nec
1156 3040 1225 3079 cum

226 3131 380 3191 codicibus
394 3152 451 3191 nec
469 3152 538 3192 cum
555 3132 636 3193 libris
657 3132 814 3211 impressis,
830 3133 933 3209 quales
948 3150 984 3190 eo
999 3129 1118 3189 saeculo
1134 3137 1224 3198 erant,

227 3240 467 3313 comparandum.
519 3241 559 3298 At
590 3239 670 3299 idem
701 3241 902 3318 apographon,
936 3235 960 3296 si
989 3233 1129 3294 attentius
1158 3252 1227 3292 con-

226 3341 376 3417 sideretur,
392 3365 454 3404 non
467 3344 611 3405 incuriam
631 3345 833 3419 describentis,
855 3345 909 3406 sed
926 3340 1109 3418 diligentiam
1125 3338 1226 3400 omnia

226 3449 389 3522 scrutantis,
410 3451 483 3510 nihil
506 3453 544 3511 de
568 3472 623 3512 suo
645 3451 858 3529 interpolantis,
878 3449 943 3527 ipsa
964 3447 1036 3507 uitia
1057 3446 1120 3506 eius
1143 3445 1225 3523 quod

225 3555 406 3632 exprimebat
417 3559 669 3633 repraesentantis,
681 3559 870 3619 testificatum
885 3554 1060 3615 inuenietur.
1092 3556 1163 3612 Hoc
1174 3550 1225 3628 qui

225 3672 361 3739 praestet,
374 3661 437 3738 ipse
451 3664 615 3726 Rhenanus
630 3665 701 3725 erit:
715 3685 785 3725 nam
801 3685 836 3725 ex
847 3663 911 3724 eius
926 3661 1057 3722 editione
1072 3679 1141 3719 curn
1155 3677 1224 3734 apo-

704 3787 747 3821 XV!
