3050 4350
652 369 781 428 LIBER
803 370 835 427 ΙΙ

248 548 278 596 et
303 535 419 597 Luculli
442 548 473 597 et
496 535 611 597 Metelli
635 535 818 614 triumphum
843 557 911 598 cum
936 535 1067 614 ipsorum
1092 534 1247 614 singularis

248 635 349 709 uirtus,
365 647 428 696 tum
450 635 540 696 etiam
559 634 672 696 inuidia
691 635 816 712 Pompei
835 637 916 712 apud
934 635 1081 713 optimum
1096 654 1246 713 quemque

248 732 317 793 lecit
330 732 532 793 fauorabilem.
575 750 628 809 per
641 733 716 793 haec
735 743 869 809 tempora
884 735 927 792 Μ.
944 733 1058 806 Cicem,
1075 732 1126 811 qui
1145 733 1272 805 omnia3

246 831 430 894 incrementa
446 851 500 892 sua
518 830 575 891 sibi
594 830 706 905 debuit,
722 830 767 891 uir
785 831 925 892 nouitatis
945 830 1147 892 nobilissimae
1165 843 1195 892 et
1213 843 1247 891 ut

219 927 309 994 5uita
332 931 435 1002 clarus,
459 928 500 988 ita
523 927 642 1006 ingenio
667 928 821 1001 maximus,
846 928 899 1006 qui
925 929 1030 1002 effecit,
1056 948 1095 989 ne
1119 949 1246 1006 quorum

246 1044 328 1084 arma
351 1025 525 1099 uiceramus,
549 1045 652 1085 eorum
674 1023 794 1102 ingenio
818 1024 1012 1099 uinceremur,
1036 1028 1141 1086 consul
1166 1026 1247 1104 Sergi

247 1122 393 1184 Catilinae
408 1123 586 1200 Lentulique
600 1134 630 1183 et
644 1123 769 1200 Cethegi
783 1135 812 1184 et
828 1123 954 1184 aliorum
968 1123 1121 1202 utriusque
1134 1124 1246 1185 ordinis

246 1218 377 1279 uirorum
396 1219 631 1281 coniurationem
649 1219 787 1298 singulari
804 1219 920 1294 uirtute,
941 1221 1115 1295 constantia,
1136 1221 1244 1299 uigilia,

246 1337 375 1396 curaque
402 1317 524 1394 aperuit.
582 1316 710 1378 Catilina
737 1330 818 1378 metu
846 1319 1008 1379 consularis
1036 1319 1140 1397 imperi
1172 1319 1273 1392 urbe4

202 1419 348 1493 repulsus
372 1427 435 1491 est:
466 1416 610 1475 lentulus
634 1415 796 1476 consularis
818 1428 847 1476 et
870 1428 987 1494 praetor
1011 1416 1117 1478 iterum
1140 1418 1247 1479 Cethe

244 1534 359 1591 gusque
378 1525 408 1574 et
426 1513 475 1573 alii
490 1513 559 1573 clari
578 1513 708 1574 nominis
727 1513 783 1574 uiri
804 1526 924 1575 auctore
941 1527 1054 1590 senatu,
1072 1515 1153 1576 iussu
1176 1537 1246 1577 con-

246 1613 317 1674 sulis
331 1613 362 1672 in
377 1633 493 1673 carcere
507 1613 605 1688 necati
619 1624 695 1674 sunt

287 1712 342 1770 Ille
356 1722 475 1771 senatus
490 1709 563 1784 dies,
575 1730 636 1788 quo
651 1713 725 1771 haec
738 1722 806 1770 acta
819 1721 896 1785 sunt,
908 1710 1048 1771 uirtutem
1064 1713 1107 1771 M.
1121 1711 1244 1773 Catonis
1257 1727 1297 1787 35
1370 1738 1372 1743 ·

245 1808 306 1868 iam
330 1807 430 1868 multis
458 1807 489 1867 in
517 1808 605 1868 rebus
633 1808 825 1885 conspicuam
853 1819 943 1886 atque
970 1806 1185 1884 praenitentem
1213 1809 1244 1869 in

203 1927 232 1975 ¹5
246 1905 390 1966 altissimo
411 1905 541 1966 culmine
559 1906 677 1967 locauit.
721 1905 770 1967 hic
788 1905 904 1983 genitus
923 1926 1037 1983 proauo
1057 1909 1100 1966 M.
1117 1908 1271 1982 Catone:

245 2002 379 2080 principe
400 2002 452 2063 illo
475 2002 604 2064 familiae
626 2002 756 2076 Porciae,
778 2004 871 2063 homo
890 2002 999 2062 Virtuti
1024 2003 1190 2065 simillimus
1215 2017 1244 2065 et

244 2119 297 2176 per
316 2099 417 2160 omnia
435 2099 555 2176 ingenio
574 2100 630 2160 diis
645 2120 735 2178 quam
754 2093 926 2160 hominibus
945 2099 1073 2177 propior,
1089 2101 1141 2177 qui
1160 2122 1244 2162 num-

245 2217 335 2275 quam
354 2210 433 2259 recte
451 2197 529 2272 fecit,
545 2209 578 2258 ut
596 2200 692 2258 facere
711 2197 868 2271 uideretur,
887 2200 941 2259 sed
955 2197 1026 2275 quia
1045 2199 1129 2259 aliter
1147 2203 1243 2260 facere

244 2314 306 2354 non
320 2304 464 2371 potuerat,
480 2294 589 2372 cuique
607 2294 639 2355 id
662 2297 759 2355 solum
777 2294 876 2355 uisum
896 2307 940 2356 est
959 2295 1103 2356 rationem
1122 2298 1241 2372 habere,

199 2427 230 2460 20
244 2394 327 2470 quod
354 2393 476 2453 haberet
508 2392 643 2466 iustitiae,
672 2393 812 2454 omnibus
840 2393 978 2454 humanis
1006 2393 1085 2455 uitiis
1112 2394 1243 2458 inmunis

243 2508 361 2566 semper
386 2491 535 2550 fortunam
563 2489 594 2550 in
622 2510 676 2550 sua
702 2500 848 2567 potestate
875 2491 987 2551 habuit
1030 2491 1079 2551 hic
1107 2492 1269 2572 tribunus3

243 2589 282 2663 pl.
312 2586 482 2663 designatus
510 2597 539 2646 et
566 2588 666 2646 adhuc
693 2589 858 2647 admodum
885 2588 1069 2661 adulescens,
1096 2609 1166 2649 cum
1193 2590 1242 2650 alii

243 2686 409 2758 suaderent,
425 2695 458 2744 ut
476 2704 529 2761 per
547 2682 709 2761 municipia
729 2686 873 2744 lentulus
892 2684 1097 2762 coniuratique
1114 2688 1241 2747 custodi-

276 2887 369 2942 aaput
381 2896 405 2930 0.
417 2879 574 2942 quenqueA
652 2879 795 2942 5utneA
809 2878 862 2943 (sic)
946 2873 1113 2933 effossi:
1130 2882 1246 2932 coa?

244 2963 257 3008 7
276 2947 410 3008 utriusque
422 2944 462 2994 P:
478 2946 562 2994 utrius
573 2943 623 2992 BA
704 2962 721 3007 9
738 2947 838 3007 aperuit
852 2945 978 2996 Gelenius:
996 2949 1091 3010 eripuit
1102 2947 1159 3007 ΑΡ,
1175 2950 1241 2998 eruit

243 3013 351 3076 Lepsius,
372 3015 415 3059 ‘ut
430 3017 465 3060 est
480 3013 507 3059 in
524 3011 593 3058 Liuii
607 3010 661 3061 Per.
683 3026 743 3060 102:
767 3028 798 3059 ea
813 3012 956 3060 coniuratio
974 3013 1098 3062 industria
1117 3013 1152 3062 M.
1166 3014 1241 3062 Tullii

243 3078 375 3126 Ciceronis
387 3085 459 3126 eruta
475 3077 528 3125 est'
540 3077 623 3125 Halm
689 3077 829 3125 consularis
845 3077 914 3125 BA:
931 3093 980 3127 om.
994 3077 1021 3124 P
1083 3080 1184 3140 imperii
1195 3080 1240 3130 A:

242 3143 331 3204 imperi
348 3141 398 3190 PB
513 3159 541 3191 11
560 3140 656 3190 casulis
672 3142 698 3188 A
818 3157 847 3202 14
865 3143 1023 3204 penitentem
1045 3145 1193 3207 (praeenit.)
1212 3145 1238 3192 A

244 3222 273 3269 15
291 3208 401 3257 culmine
418 3206 566 3269 (sr‘cHaase)
583 3208 677 3256 locauit
689 3205 813 3270 Madm’g:
838 3208 972 3256 luminauit
988 3208 1057 3259 AP:
1077 3211 1171 3259 lumine
1188 3212 1240 3259 col·

241 3274 335 3323 locauit
358 3273 494 3320 Burmann
647 3274 677 3319 16
692 3274 769 3320 homo
788 3272 826 3323 P:
855 3289 906 3320 non
923 3273 978 3320 AB
1063 3274 1196 3324 similimus
1212 3277 1238 3323 A

242 3347 268 3388 et
284 3338 324 3388 P:
350 3339 397 3387 sed
413 3338 468 3385 AB
502 3338 653 3401 Negate'uam
672 3343 730 3401 post
749 3339 920 3402 Knyssr'gr'um
942 3344 965 3386 et
983 3339 1125 3389 Martinum
1145 3347 1241 3389 tutatus

241 3410 277 3452 est
290 3404 400 3453 Thomas
416 3404 538 3465 conferens
552 3419 591 3452 aa.
605 3419 629 3465 a,
645 3405 697 3453 126.
714 3418 743 3452 1:
763 3403 807 3450 sed
822 3410 877 3452 recte
889 3410 1043 3466 perspexerat
1058 3405 1141 3454 Burer
1155 3408 1190 3455 ho
1206 3417 1240 3456 no

240 3469 342 3531 confusa
355 3484 420 3518 esse:
436 3469 482 3517 sed
496 3468 557 3531 (set)
570 3469 713 3533 praecedens
724 3469 802 3516 littera
812 3484 826 3515 s
832 3471 1003 3532 progeneram't
1093 3488 1123 3533 19
1139 3479 1241 3533 poterat

243 3534 355 3582 Gelenius
490 3550 523 3582 ao
540 3535 650 3583 iustitiae
669 3533 728 3595 AP,
752 3549 784 3582 sc.
808 3536 949 3583 rationem:
983 3534 1104 3584 iustitiam
1128 3538 1241 3587 Gelenius

239 3601 333 3648 lmunis
352 3599 397 3647 A:
431 3599 497 3648 imm.
518 3598 544 3646 P
648 3615 678 3648 ar
696 3600 751 3649 TR.
765 3599 816 3650 PL.
828 3600 897 3649 AB:
915 3600 983 3650 Trib.
996 3601 1104 3650 Pleb.P
1208 3620 1240 3652 aa

240 3673 268 3715 et
283 3664 359 3715 Voss:
377 3672 416 3713 est
428 3665 486 3729 BA,
501 3663 590 3715 om.P
