3050 4350
694 372 824 430 LIBER
845 374 878 432 11

292 518 402 596 (neque
424 520 558 579 hercules
572 518 737 597 quidquam
755 519 888 596 partibus
902 519 958 581 illis
980 521 1124 582 salubrius
1138 521 1215 602 fuit),
1230 521 1289 596 alii,

290 627 323 675 ut
346 617 458 676 bellum
480 618 615 689 traheret,
631 619 713 694 quod
736 617 908 694 dignatione
929 619 1057 696 partium
1079 619 1111 679 in
1132 620 1196 680 dies
1217 618 1289 697 ipsis

290 713 383 790 magis
397 733 571 790 prosperum
586 715 676 788 fieret,
689 735 759 775 usus
773 714 887 792 impetu
902 737 956 776 suo
971 719 1087 778 hostem
1102 729 1221 778 secutus
1235 729 1287 802 est

290 810 385 871 aciem
401 810 598 871 Pharsalicam
614 823 643 872 et
661 811 745 871 illum
765 812 1002 874 cruentissimum
1021 817 1160 875 Romano
1175 813 1290 875 nomini
1304 833 1318 882 a

262 929 275 976 5
291 907 371 968 diem
386 919 562 986 tantumque
580 909 732 986 utriusque
751 909 894 970 exercitus
913 913 1066 988 profusum
1090 911 1240 990 sanguinis
1261 923 1291 972 et

291 1005 394 1066 collisa
409 1005 486 1065 inter
504 1026 536 1066 se
550 1007 611 1066 duo
626 1005 667 1065 rei
681 1006 818 1084 publicae
833 1006 930 1084 capita
948 1010 1149 1087 effossumque
1165 1011 1290 1070 alterum

292 1102 423 1163 Romani
441 1102 546 1180 imperi
560 1105 670 1177 lumen,
686 1115 730 1164 tot
748 1104 874 1182 talisque
896 1105 1144 1182 Pompeianarum
1163 1105 1290 1184 partium

291 1220 394 1260 caesos
416 1199 495 1261 uiros
518 1221 579 1260 non
602 1200 705 1278 recipit
727 1203 891 1262 enarranda
914 1202 963 1262 hic
988 1203 1147 1280 scripturae
1171 1206 1288 1264 modus.

290 1297 365 1358 illud
379 1299 545 1358 notandum
565 1309 626 1358 est:
648 1310 681 1358 ut
694 1298 823 1376 primum
843 1300 876 1361 C.
894 1301 1003 1361 Caesar
1021 1300 1192 1360 inclinatam
1215 1300 1319 1370 uidit4

246 1415 277 1449 10
292 1395 541 1472 Pompeianorum
552 1395 656 1469 aciem,
666 1416 764 1475 neque
772 1395 852 1473 prius
861 1417 959 1474 neque
968 1397 1117 1475 antiquius
1126 1397 1291 1475 quidquam

291 1492 403 1566 habuit,
433 1513 524 1571 quam
552 1501 586 1552 ut
611 1493 768 1554 incolumis
798 1494 897 1572 partis,
927 1505 960 1554 ut
987 1493 1104 1554 militari
1131 1495 1225 1556 uerbo
1255 1515 1292 1554 ex

291 1591 508 1652 consuetudine
530 1603 603 1665 utar,
627 1591 796 1652 dimitteret
847 1613 901 1670 pro
929 1592 971 1653 dii
998 1593 1178 1668 inmortales,
1208 1596 1317 1672 quod5

291 1689 379 1751 huius
401 1690 562 1751 uoluntatis
585 1710 653 1767 erga
675 1694 799 1750 Brutum
825 1712 896 1754 suae
919 1703 1024 1769 postea
1050 1691 1095 1752 uir
1123 1703 1184 1752 tam
1211 1691 1291 1754 mitis

291 1787 417 1864 pretium
433 1788 516 1848 tulit!
538 1787 611 1847 nihil
625 1789 656 1848 in
668 1787 718 1847 illa
727 1787 851 1848 uictoria
861 1788 1032 1862 mirabilius,
1045 1789 1290 1867 magnificentius,
1304 1801 1319 1850 6

246 1905 276 1955 15
292 1887 397 1948 clarius
419 1886 483 1960 luit,
507 1907 596 1964 quam
620 1888 702 1964 quod
725 1887 876 1946 neminem
904 1887 961 1947 nisi
987 1887 1051 1948 acie
1079 1900 1291 1966 consumptum

291 1983 389 2044 ciuem
403 1983 497 2061 patria
510 1983 707 2044 desiderauit:
729 1985 783 2044 sed
802 2005 910 2044 munus
929 1985 1147 2046 misericordiae
1162 1986 1291 2064 corrupit

290 2083 459 2163 pertinacia,
475 2103 544 2144 cum
559 2082 699 2143 libentius
712 2083 806 2143 uitam
825 2083 993 2144 uictoriam
1007 2086 1098 2159 daret,
1114 2105 1204 2163 quam
1219 2085 1291 2146 uicti

290 2184 355 2245 acci
376 2195 466 2244 erent.

332 2204 493 2360 Pdmpeius
513 2283 683 2360 profugiens
704 2303 773 2344 cum
795 2284 914 2345 duobus
936 2285 1069 2345 Lentulis
1086 2285 1290 2374 consularibus
1304 2303 1344 2362 53

247 2399 279 2432 20
293 2381 442 2458 Sextoque
456 2381 517 2441 filio
532 2391 562 2441 et
576 2380 711 2441 Fauonio
725 2381 881 2458 praetorio,
898 2402 973 2459 quos
993 2382 1117 2442 comites
1131 2381 1159 2442 ei
1173 2385 1291 2442 fortuna

227 2529 229 2532 .
290 2481 508 2556 adgregauerat,
530 2478 603 2552 aliis,
629 2489 662 2537 ut
689 2480 822 2552 Parthos
848 2478 920 2552 aliis,
949 2489 982 2539 ut
1010 2479 1140 2539 Africam
1167 2491 1289 2558 peteret,

327 2651 338 2683 1
358 2636 426 2684 illius
435 2635 571 2683 Bunnunn
649 2649 664 2682 a
682 2635 750 2696 quod
758 2633 899 2695 dignationi
908 2635 1018 2695 partium
1031 2632 1140 2694 (partem
1149 2633 1184 2696 B)
1196 2635 1222 2682 in
1234 2635 1290 2684 dies

291 2702 329 2764 (in
341 2702 384 2751 die
395 2702 430 2761 Β)
444 2702 513 2762 ipsus
527 2703 595 2765 (com
613 2715 644 2748 ex
658 2701 721 2763 ipsis
732 2700 768 2762 A,
782 2700 845 2761 ipsis
855 2699 888 2758 P,
906 2700 979 2761 ipsiis
990 2699 1025 2762 B)
1038 2699 1120 2759 magis
1138 2715 1290 2761 prosperum

291 2769 366 2816 fieret
378 2765 469 2816 ABP:
496 2771 553 2829 ‘ego
569 2766 699 2829 legendum
716 2766 764 2827 ipsi
778 2771 849 2829 puto,
868 2770 896 2812 ut
911 2765 947 2813 ad
959 2763 1049 2827 Pomp.
1066 2765 1195 2826 reseratur’
1210 2767 1293 2814 Bum

291 2835 368 2896 uulgo
383 2833 458 2880 edunt
474 2847 498 2892 q.
518 2833 666 2893 dignatione
683 2833 792 2893 partium
810 2832 835 2878 in
854 2832 909 2879 dies
927 2831 990 2892 ipsis
1007 2846 1038 2877 m.
1056 2846 1094 2891 pr.
1108 2831 1189 2880 fieret.
1225 2830 1289 2879 Scri-

290 2898 397 2945 bendum
412 2898 522 2960 suspicor
534 2897 665 2960 ipsiusque
683 2899 722 2944 ml
743 2897 850 2958 ipsique,
873 2896 927 2944 dein
942 2903 990 2959 pro
1009 2895 1082 2944 fieret
1100 2896 1129 2943 id
1145 2896 1213 2958 quod
1229 2898 1289 2946 coni.

292 2964 396 3013 Cludius
407 2963 474 3012 soret
555 2978 571 3022 4
589 2963 707 3010 Romano
718 2963 757 3011 P:
776 2962 886 3010 Romani
898 2962 948 3010 ΒΑ
961 2979 967 3010 :
985 2960 1095 3010 Romani
1108 2961 1218 3010 nominis
1228 2964 1287 3010 coni.

288 3030 373 3078 Burer
474 3028 603 3077 6conlisa
627 3029 755 3077 Gelenius:
784 3029 889 3076 consilio
911 3025 966 3074 ΑΡ
1069 3027 1215 3088 7talesque
1237 3027 1293 3075 ΑΡ

287 3097 305 3143 8
323 3095 421 3156 recepit
432 3107 466 3142 un
478 3095 568 3156 recipit
579 3093 605 3140 A
619 3094 703 3142 dubito
758 3095 902 3142 enarranda
913 3092 953 3141 P:
971 3093 1129 3141 enarrandae
1140 3092 1176 3152 A,
1181 3093 1290 3154 sortasse

289 3166 346 3208 recte
446 3175 473 3207 11
493 3167 520 3207 ut
537 3159 593 3208 add.
613 3160 725 3208 Gelenius
791 3160 925 3208 incolumis
943 3159 1022 3220 partis
1033 3159 1135 3220 scripsi:
1155 3158 1180 3205 in
1197 3174 1288 3208 omnes

290 3225 415 3289 (neisP)
436 3231 523 3287 partes
540 3224 600 3286 ΑΡ,
619 3241 667 3287 quo
686 3231 782 3274 seruato
798 3226 872 3274 Kritz
890 3225 1012 3287 suppleuit
1028 3240 1058 3271 ex
1071 3223 1139 3272 Suel.
1160 3223 1227 3273 Caes.
1248 3237 1287 3285 75,

287 3291 355 3354 App.
376 3291 400 3339 ii.
420 3293 460 3354 80,
479 3292 546 3341 Flor.
562 3291 594 3338 iv.
607 3307 629 3338 a.
647 3304 679 3351 5⁰
701 3292 744 3352 qui
765 3291 952 3352 proclamarent
974 3296 1001 3336 ut
1020 3289 1121 3344 ciuibus
1139 3297 1289 3350 parceretur

287 3356 406 3406 uerboA
419 3373 425 3404 ε
442 3355 597 3406 etuerboP
661 3373 694 3404 ex
705 3356 824 3419 Lipsius:
841 3363 868 3404 et
879 3354 933 3402 ΑΡ
1031 3369 1061 3401 12
1075 3359 1132 3414 post
1147 3356 1287 3406 dimitteret

287 3423 346 3473 add.
358 3424 540 3471 caduceatores
555 3422 671 3470 Wlirelm
721 3421 827 3470 ProhA
888 3419 1022 3469 immAP
1079 3434 1108 3479 13
1125 3435 1188 3468 suae
1198 3421 1284 3470 om.A

287 3495 346 3550 post
357 3504 414 3537 eam
424 3488 483 3550 ΑΡ,
491 3503 537 3538 em.
548 3489 687 3536 Rhenanus
742 3502 771 3548 14
783 3486 931 3548 preciumA
978 3486 1004 3532 in
1017 3485 1077 3534 illa.
1093 3522 1098 3534 .
1112 3522 1117 3532 .
1131 3488 1285 3548 quamquod

286 3554 390 3603 Haase:
415 3553 475 3602 illa.
490 3592 496 3604 .
511 3555 631 3615 ‚quando
648 3553 703 3601 ΑΡ
801 3554 830 3598 16
847 3549 985 3612 corrumpit
1001 3549 1062 3610 ΑΡ,
1080 3566 1125 3600 em.
1146 3553 1287 3601 Rhenanus

289 3650 318 3696 17
336 3635 472 3698 pertinatia
483 3634 509 3680 Α
606 3635 659 3682 uita
672 3635 741 3697 (corr.
755 3634 781 3682 in
793 3633 882 3693 uitam)
895 3632 1003 3681 uictoria
1013 3626 1088 3682 duest
1100 3635 1161 3682 dare
1172 3633 1198 3680 Α
1214 3634 1285 3697 (sic):

286 3701 419 3750 uictoriam
431 3701 493 3748 dare
503 3699 543 3749 P:
561 3699 639 3748 uitam
651 3700 794 3749 uictoriam
808 3701 882 3748 daret
893 3699 975 3747 Burer

769 3855 796 3910 71
