3050 4350
565 332 721 390 VELLEI
743 330 984 391 PATERCVLI

273 503 308 560 A.
326 499 457 560 Licinius
480 503 581 560 Nerua
603 499 738 572 Silianus,
765 502 796 558 P.
821 497 873 558 Sili
893 497 979 570 filius,
1002 518 1091 574 quem
1114 496 1210 558 uirum
1232 518 1270 558 ne

271 601 323 678 qui
348 599 490 661 intellexit
514 599 636 682 quidem
660 599 781 658 abunde
803 597 924 658 miratus
947 608 999 669 est,
1017 600 1092 667 †rne
1114 596 1187 656 nihil
1208 617 1270 657 non

271 697 385 775 optimo
414 697 472 757 ciui
500 694 718 774 simplicissimo
746 695 816 756 duci
843 695 965 773 perisset
995 697 1162 772 praeferens
1174 699 1199 767 l,
1229 693 1271 753 in-

272 808 386 856 matura
416 803 504 854 morte
535 806 565 854 et
595 797 691 854 fructu
722 793 921 872 amplissimae
952 792 1092 870 principis
1123 792 1270 852 amicitiae

271 906 300 954 et
331 892 589 954 consummatione
624 904 746 953 euectae
780 892 811 951 in
843 891 1018 952 altissimum
1053 901 1297 968 paternumques

243 991 420 1070 5fastigium
449 990 583 1069 imaginis
615 993 748 1052 defectus
780 1002 832 1051 est.
888 992 995 1050 horum
1026 989 1157 1049 uiromm
1190 1010 1270 1050 men-

269 1090 344 1151 tioni
367 1089 478 1167 siquis
500 1089 649 1166 quaesisse
672 1110 721 1150 me
748 1089 827 1150 dicet
851 1091 959 1162 locum,
983 1090 1126 1148 fatentem
1150 1099 1250 1164 arguet
1261 1109 1270 1161 ;

269 1208 368 1265 neque
399 1187 479 1248 enim
511 1187 604 1248 iustus
635 1187 698 1248 sine
730 1186 887 1247 mendacio
918 1188 1030 1246 candor
1059 1188 1141 1263 apud
1172 1186 1268 1246 bonos

269 1285 385 1346 crimini
407 1297 459 1346 est.

209 1397 255 1458 117
309 1387 441 1443 Tantum
464 1384 546 1460 quod
565 1381 699 1441 ultimam
716 1380 896 1459 imposuerat
911 1381 1085 1442 Pannonico
1099 1401 1135 1440 ac
1150 1384 1269 1442 Delma·
1285 1409 1316 1444 ro

269 1479 329 1540 tico
350 1481 429 1540 bello
451 1481 561 1542 Caesar
582 1501 712 1552 manum,
729 1500 798 1538 cum
819 1479 895 1538 intra
916 1478 1048 1555 quinque
1069 1478 1268 1538 consummati

269 1579 343 1638 tanti
362 1577 459 1656 operis
478 1577 542 1638 dies
561 1580 695 1638 funestae
716 1599 752 1638 ex
773 1577 933 1637 Germania
947 1577 1090 1654 epistulae
1105 1576 1183 1638 caesi
1197 1577 1268 1636 Vari

268 1677 539 1753 trucidaturumque
560 1676 710 1754 legionum
732 1676 819 1736 trium
839 1676 1024 1753 totidemque
1043 1677 1155 1735 alarum
1174 1687 1204 1736 et
1218 1696 1268 1736 sex

269 1773 436 1834 cohortium
459 1793 473 1826 e
499 1797 513 1829 s
536 1776 617 1833 uelut
632 1773 662 1833 in
676 1775 735 1834 hoc
752 1775 856 1834 saltem
872 1775 1081 1833 tantummodo
1095 1772 1268 1851 indulgente

269 1871 356 1931 nobis
375 1873 500 1944 fortuna,
523 1891 562 1930 ne
579 1882 725 1947 occupato
740 1872 817 1931 duce
833 1892 847 1924 a
865 1893 880 1925 a
897 1892 912 1924 a
928 1881 957 1930 et
981 1890 1071 1930 causa
1091 1882 1121 1930 et
1141 1891 1268 1948 persona
1285 1891 1313 1943 ¹5

243 1989 383 2029 amoram
398 1969 492 2047 exigit.
535 1973 631 2028 Varus
647 1969 808 2044 Quintilius
823 1969 937 2029 inlustri
951 1969 1044 2046 magis
1062 1989 1153 2046 quam
1174 1967 1268 2028 nobili

268 2078 349 2127 ortus
363 2067 481 2147 familia,
497 2067 543 2127 uir
556 2065 675 2144 ingenio
690 2066 777 2138 mitis,
793 2067 924 2127 moribus
946 2067 1071 2144 quietus,
1088 2078 1121 2126 ut
1135 2086 1267 2144 corpore,

267 2163 308 2224 ita
328 2164 429 2224 animo
450 2163 628 2236 inmobilior,
651 2163 713 2224 otio
734 2163 826 2241 magis
849 2176 1011 2225 castrorum
1033 2185 1122 2242 quam
1145 2165 1268 2226 bellicae

267 2265 408 2324 adsuetus
437 2263 566 2336 militiae,
590 2261 734 2340 pecuniae
761 2283 833 2323 uero
861 2283 951 2340 quam
980 2284 1041 2323 non
1069 2275 1265 2341 contemptor,
1319 2283 1327 2300 ·

269 2359 358 2437 Syria,
388 2359 436 2420 cui
469 2363 641 2437 praefuerat,
671 2361 840 2434 declarauit‚
870 2381 960 2438 quam
995 2382 1107 2439 pauper
1142 2362 1266 2423 diuitem
1282 2380 1314 2416 20

241 2456 415 2535 singressus
440 2457 524 2518 diues
549 2477 709 2535 pauperem
732 2457 848 2535 reliquit
860 2481 867 2530 ;
896 2457 920 2518 is
945 2480 1014 2519 cum
1039 2458 1186 2531 exercitui,
1217 2460 1268 2536 qui

303 2631 314 2663 1
333 2615 459 2663 Alicinius
470 2615 503 2677 (ci
514 2624 589 2678 super
598 2615 724 2677 rasuram)
738 2615 790 2676 del„
803 2615 858 2663 dn'n
866 2624 985 2678 suprascr.
995 2616 1120 2664 Alicinius
1127 2616 1153 2663 A
1211 2617 1266 2666 Silii

267 2680 323 2728 ΑΡ
425 2697 440 2728 a
458 2697 491 2729 ne
504 2681 556 2743 (me
569 2681 609 2728 uel
619 2697 661 2728 me
672 2682 710 2742 A)
724 2681 788 2729 nihil
802 2697 854 2728 non
867 2683 926 2740 (om.
941 2680 975 2743 P)
985 2683 1081 2742 optimo
1095 2681 1216 2747 (optimoss
1227 2682 1265 2744 A)

268 2746 316 2793 ciui
332 2746 407 2808 (ciuis
421 2746 459 2806 A)
473 2746 657 2809 simplicissimo
671 2746 729 2794 duci
747 2747 857 2807 perisset
870 2746 944 2794 BPA
957 2764 963 2794 :
972 2747 1080 2808 sortasse
1095 2747 1158 2794 nihil
1176 2765 1228 2795 non
1242 2764 1267 2797 0.

268 2811 317 2858 ciui
338 2811 419 2873 simpl
442 2813 498 2860 duci
516 2827 652 2874 superesse
669 2813 827 2873 praeferens,
842 2813 872 2875 cs.
893 2827 947 2872 125.
963 2826 989 2872 5.
1026 2812 1083 2860 Vide
1096 2813 1193 2862 Comm.
1209 2813 1267 2862 Cn't.

267 2884 383 2936 4morte
396 2877 451 2927 add.
467 2878 543 2926 Orelli
605 2877 828 2938 amplicissimaeA
929 2877 1050 2928 6estP:
1069 2878 1135 2926 esA
1187 2880 1267 2926 hono·

268 2958 324 2990 rum
334 2942 404 2991 AB:
421 2959 528 3003 quorum
540 2942 579 2990 P:
596 2945 687 2991 horum
707 2943 803 2992 Burer:
820 2945 945 2991 bonorum
963 2943 1114 2992 Burmann:
1138 2960 1172 2991 an
1187 2946 1266 2991 hono-

268 3009 349 3056 rariae
369 3009 477 3058 horuml
603 3009 691 3057 asine
718 3010 852 3057 mendacio
872 3015 1003 3072 tamquam
1028 3010 1200 3072 mterpolatum
1221 3009 1265 3058 del.

270 3073 417 3121 Cornelissen
508 3072 668 3136 1oac]adA
734 3074 879 3124 Dalm.AP
960 3075 1150 3124 11consum.A
1237 3091 1267 3135 14

267 3139 424 3202 cohortium]
433 3139 548 3186 nuntium
560 3140 669 3187 attulere
680 3140 719 3186 ln'c
728 3140 893 3203 supplendum
905 3145 956 3187 erat
1060 3155 1090 3200 15
1103 3156 1136 3188 ne
1143 3146 1266 3203 occupato

268 3205 358 3252 ducem
369 3211 396 3252 et
407 3221 483 3252 causa
499 3220 609 3267 persona
621 3220 716 3253 moram
734 3206 814 3266 exigit
824 3205 883 3254 ΑΡ.
915 3204 1046 3253 Lacunam
1058 3210 1117 3267 post
1129 3206 1194 3254 duce
1210 3222 1268 3253 cum

267 3269 352 3331 Lipsr'o
368 3275 391 3317 et
410 3269 493 3317 Vossr'o
509 3271 591 3319 statui.
637 3271 706 3318 Eam
725 3271 759 3318 sie
773 3272 883 3333 explent:
911 3270 971 3318 Voss
987 3270 1013 3317 in
1027 3271 1184 3319 debellandis
1202 3271 1266 3318 Pan-

268 3335 351 3382 noniis
374 3336 485 3383 uictores
508 3336 630 3384 Germani
653 3337 685 3383 iis
704 3352 733 3384 se
753 3337 956 3396 coniungerent:
989 3337 1072 3384 Halm
1089 3343 1160 3385 tanta
1183 3336 1268 3384 clades

268 3401 424 3448 inferretur:
446 3401 512 3448 Boot
527 3402 620 3449 malurn
638 3408 737 3449 tantum
754 3403 883 3462 ingereret
948 3403 994 3449 sed
1015 3417 1091 3451 causa
1111 3408 1137 3449 et
1155 3417 1268 3464 persona

266 3465 367 3526 Lipsius
383 3472 405 3513 et
422 3465 497 3514 Voss:
521 3468 566 3515 sed
583 3474 610 3515 et
626 3482 703 3515 causa
720 3474 746 3514 et
763 3483 788 3528 p.
811 3467 887 3515 Orelli
984 3470 1014 3516 18
1032 3469 1066 3516 ita
1078 3467 1224 3517 Aa'dalrus:
1241 3475 1269 3515 et

266 3530 324 3588 AP,
338 3531 406 3593 quad
417 3531 537 3594 Wopkens
553 3534 649 3595 ruterpr.
680 3537 687 3559 ‘
691 3540 739 3594 pro
755 3533 859 3595 corporis
869 3533 995 3595 animique
1005 3532 1129 3581 tardifale’
1189 3533 1267 3581 imob.

267 3596 305 3644 A:
334 3597 401 3645 imm.
424 3596 450 3643 P
562 3613 592 3646 21
611 3614 669 3647 curn
689 3599 715 3645 r'n
737 3598 763 3644 A
782 3599 816 3646 sr'c
829 3599 945 3660 scn'ptum
965 3605 1000 3646 est
1017 3604 1045 3646 nt
1063 3598 1099 3646 ad
1114 3606 1167 3646 tum
1183 3600 1270 3660 pon'us

267 3661 370 3710 accedere
380 3661 495 3710 unientur

746 3834 790 3882 128
