3050 4350
682 343 812 401 LIBER
833 342 867 400 II

275 521 304 570 et
317 529 336 569 a
349 509 491 570 militibus
506 521 536 570 et
549 529 568 569 a
580 512 699 569 fortuna
712 511 846 572 desertus
860 509 1002 585 pulloque
1016 510 1130 569 uelatus
1144 509 1274 570 amiculo

274 608 349 668 inter
363 607 497 668 ultimam
510 607 724 669 confluentium
738 609 777 667 ad
789 608 1074 687 Caesaremturbam
1089 609 1183 667 latens
1194 609 1274 685 geni-

275 707 329 766 bus
344 706 407 767 eius
428 708 588 767 aduolutus
609 717 661 765 est
704 705 766 765 uita
786 725 943 782 rerumque
964 725 1083 764 suarum
1105 704 1273 765 dominium

274 825 415 865 concessa
430 805 457 864 ei
472 816 548 878 sunt,
565 803 697 881 spoliata,
714 823 803 880 quam
819 803 893 863 tueri
907 823 968 863 non
983 814 1106 880 poterat,
1122 803 1257 880 dignitas.

244 925 257 972 5
313 901 417 961 Subita
438 901 548 962 deinde
570 900 713 961 exercitus
736 899 850 974 seditio,
874 899 925 977 qui
945 902 1120 977 plerumque
1142 912 1273 960 contem·
1286 903 1319 962 81

272 1003 370 1078 platus
392 1001 588 1079 frequentiam
616 1022 700 1062 suam
728 1022 746 1061 a
773 1000 930 1078 disciplina
957 1000 1095 1062 desciscit
1122 1013 1160 1075 et,
1190 1005 1272 1079 quod

273 1120 378 1177 cogere
392 1121 424 1160 se
438 1111 522 1178 putat
536 1120 632 1177 posse,
648 1120 750 1178 rogare
764 1121 825 1160 non
841 1099 973 1173 sustinet,
985 1099 1092 1177 partim
1107 1100 1271 1174 seueritate,

273 1196 378 1274 partim
393 1197 566 1258 liberalitate
580 1197 714 1258 discussa
728 1197 876 1274 principis,
889 1196 1118 1274 speciosumque
1129 1197 1272 1275 peridem
1287 1226 1300 1260 2

273 1307 390 1372 tempus
411 1295 560 1356 adiectum
583 1298 823 1373 supplementum
847 1298 1018 1373 Campanae
1041 1297 1207 1358 coloniae*
1225 1320 1239 1354 u
1257 1320 1271 1353 n

229 1421 259 1454 10
273 1395 336 1456 eius
360 1393 452 1454 relicti
476 1405 558 1454 erant
580 1393 711 1471 publici:
741 1413 795 1470 pro
817 1393 863 1454 his
882 1396 970 1471 longe
989 1394 1139 1455 uberiores
1161 1396 1273 1457 reditus

272 1491 456 1553 duodeciens
485 1489 609 1550 sestertii
636 1490 667 1550 in
690 1493 779 1552 Creta
806 1490 903 1550 insula
930 1490 1038 1551 redditi
1059 1503 1088 1551 et
1110 1513 1188 1569 aqua
1207 1514 1273 1571 pro

273 1590 370 1663 missa,
396 1610 473 1666 quae
495 1589 645 1666 hodieque
668 1588 814 1666 singulare
839 1599 868 1648 et
896 1588 1074 1648 salubritatis
1097 1589 1215 1651 †instar
1243 1603 1273 1652 et

272 1688 458 1750 amoenitatis
486 1699 694 1749 ornamentum
723 1699 774 1748 est.
826 1687 941 1764 insigne
969 1708 1097 1748 coronae
1122 1689 1300 1762 classicae,3

272 1809 332 1865 quo
357 1808 447 1848 nemo
470 1807 612 1864 umquam
638 1790 844 1847 Romanorum
866 1789 994 1847 donatus
1019 1798 1088 1862 erat,
1112 1790 1171 1848 hoc
1192 1790 1272 1850 bello

228 1900 256 1956 ¹5
272 1885 403 1963 Agrippa
430 1885 569 1962 singulari
596 1884 704 1945 uirtute
732 1884 845 1944 meruit
897 1883 993 1945 uictor
1024 1884 1134 1946 deinde
1163 1887 1273 1947 Caesar

271 2003 405 2043 reuersus
419 1982 449 2041 in
465 1983 569 2042 urbem
584 1994 749 2043 contractas
764 1981 964 2060 emptionibus
980 1985 1146 2060 complures
1163 1985 1272 2045 domos

271 2101 323 2158 per
336 2091 548 2157 procuratores,
564 2100 625 2156 quo
643 2079 735 2140 laxior
753 2082 836 2140 fieret
854 2078 954 2156 ipsius,
970 2079 1096 2156 publicis
1118 2100 1150 2139 se
1168 2080 1300 2150 usibus4

271 2177 418 2238 destinare
446 2180 594 2256 professus
627 2189 679 2251 est,
709 2180 914 2255 templumque
948 2177 1095 2254 Apollinis
1131 2189 1160 2238 et
1194 2178 1272 2240 circa

272 2274 401 2352 porticus
416 2277 561 2335 facturum
576 2274 718 2352 promisit,
735 2277 817 2351 quod
831 2275 871 2334 ab
885 2295 922 2335 eo
937 2273 1076 2351 singulari
1090 2285 1271 2348 exstructum

227 2395 256 2430 20
270 2372 473 2434 munificentia
490 2385 541 2434 est.

311 2471 380 2546 Qua
401 2482 512 2532 aestate
536 2473 645 2532 Caesar
668 2482 728 2531 tam
748 2491 886 2548 prospere
901 2469 1049 2533 †Libium
1064 2467 1094 2528 in
1109 2469 1208 2530 Sicilia
1222 2474 1269 2530 Bfr
1285 2470 1323 2528 82

271 2569 388 2628 fortuna
402 2568 432 2628 in
448 2571 574 2630 Caesare
589 2580 619 2628 et
634 2565 689 2650 [in]
705 2567 870 2645 republica
889 2567 1025 2627 militauit
1043 2569 1083 2627 ad
1106 2565 1268 2628 Orientem.

302 2742 318 2787 4
335 2726 399 2774 tueri
411 2725 448 2776 P:
467 2727 559 2774 intueri
571 2725 622 2773 BA
634 2743 640 2774 r
658 2725 683 2773 ui
695 2727 760 2774 tueri
772 2725 913 2774 Doederlein
1013 2738 1028 2785 5
1046 2724 1140 2773 Secuta
1150 2723 1270 2774 Boxhom

270 2793 475 2854 8spaetiosumq.
493 2791 519 2838 A
636 2792 703 2840 idern
719 2791 764 2840 A:
792 2792 817 2838 id
834 2790 861 2838 P
972 2805 989 2852 9
1007 2790 1135 2852 coloniae]
1153 2791 1270 2838 lacunam

265 2858 349 2918 posuit
361 2857 435 2904 Kritz
451 2872 529 2919 qnam
546 2857 636 2920 expleri
649 2858 714 2904 iubet
729 2873 759 2904 ex
774 2856 864 2904 Dionis
879 2855 906 2906 C.
919 2872 958 2918 49.
973 2871 1003 2915 14
1020 2855 1084 2904 abra
1096 2853 1142 2916 μὲν
1155 2853 1196 2904 οὖν
1211 2856 1269 2903 τότε

270 2921 323 2970 τοὺς
341 2921 490 2984 στρατιώτας
507 2921 655 2985 κατέστησε·
676 2921 716 2970 nal
733 2921 763 2969 rb
780 2920 825 2982 μὲν
841 2920 956 2984 ἀργύριον
973 2921 1053 2970 αὐτοῖς
1071 2919 1163 2980 αὐτίκα,
1181 2919 1226 2981 τὴν
1243 2919 1268 2969 bl

270 2987 353 3051 χώραν
365 2988 392 3035 οὐ
404 2989 488 3050 πολλῷ
496 2985 599 3051 ὕστερον
610 2986 689 3037 ἔδωκε.
718 2986 796 3048 ἐπειδὴ
807 2986 854 3050 γὰρ
866 2988 909 3035 obn
920 2985 1046 3050 ἐξήρκεσεν
1057 2988 1073 3048 ἡ
1085 2987 1111 3034 ὶν
1120 2987 1155 3048 τῷ
1164 2984 1270 3049 δημοσίῳ

270 3051 305 3102 ἔτι
322 3053 378 3101 τότε
396 3051 464 3112 οὖσα,
481 3051 667 3115 τροσεξεπρίατο
682 3051 762 3114 ἄλλην
779 3051 863 3100 τεκαὶ
881 3051 943 3114 παρὰ
958 3052 1007 3099 τῶν
1024 3051 1160 3111 Καμπανῶν
1177 3051 1226 3098 τῶν
1243 3053 1270 3100 ἐν

270 3118 301 3181 τῇ
322 3116 406 3180 Καπύῃ
429 3117 559 3166 οἰκούντων
580 3117 683 3180 συχνήν·
715 3117 754 3165 ual
773 3116 821 3181 γὰρ
840 3117 939 3166 ἐποίκων
955 3120 971 3180 ἡ
989 3117 1057 3166 πόλις
1075 3118 1174 3165 πολλῶν
1194 3117 1270 3165 ἐδεῖτο

269 3190 318 3244 eta,
339 3184 403 3231 unde
419 3185 450 3234 L.
468 3201 491 3232 a.
509 3184 558 3232 Ian
571 3183 671 3246 (Philol.
690 3183 724 3233 iii.
746 3200 769 3245 p.
791 3182 850 3246 339)
868 3184 993 3246 supplebat
1011 3184 1103 3245 emptis
1118 3182 1209 3244 partim
1225 3184 1270 3244 qui

270 3250 447 3298 diuiderentur
464 3250 540 3312 agris,
559 3265 615 3298 cum
636 3265 688 3297 non
706 3251 853 3297 sufficerent
870 3250 913 3309 qui
933 3249 959 3297 in
979 3250 1133 3297 deductione
1151 3248 1269 3296 coloniae

271 3317 325 3364 eius
337 3331 355 3364 r.
369 3331 391 3362 e.
404 3315 516 3376 publici:
535 3316 618 3363 Halm
635 3331 664 3362 ex
674 3316 806 3363 coniectura
822 3314 953 3362 ueteranis
969 3314 994 3361 in
1010 3330 1085 3375 agros
1097 3313 1213 3362 deductis
1225 3315 1269 3374 qui

270 3381 384 3429 coloniae
393 3381 448 3428 eius
458 3381 538 3429 relicti
547 3387 619 3428 eraut
629 3381 723 3442 publici
766 3396 797 3429 10
809 3381 941 3427 uberiores
948 3379 1013 3430 AP:
1027 3381 1136 3440 sortasse
1145 3379 1269 3428 uberioris

272 3461 297 3492 rr
317 3446 453 3494 duodeties
465 3447 578 3494 sestertii
591 3447 617 3492 in
630 3446 723 3494 Craeta
744 3444 789 3495 A:
808 3445 872 3494 S·H
884 3445 916 3506 P,
929 3445 985 3492 urar
997 3444 1093 3494 Comm.
1110 3444 1169 3493 Cn't.
1240 3459 1269 3492 12

271 3512 467 3560 instrumentum
486 3511 595 3569 Cludius,
621 3512 666 3559 uix
682 3511 838 3573 probabiliter
942 3526 971 3571 13
989 3511 1095 3570 insigne.
1114 3510 1226 3558 Coronae
1242 3511 1268 3556 A

273 3591 301 3637 15
323 3576 446 3626 meruerit
459 3577 504 3625 A:
530 3592 593 3624 num
610 3580 754 3625 meruerat?
845 3591 874 3636 17
893 3575 975 3623 laxior
996 3583 1117 3636 suprascr.
1140 3575 1224 3624 laxius
1241 3574 1266 3621 A

272 3657 301 3704 19
317 3649 381 3691 extr.
397 3642 450 3689 ΑΡ
541 3657 570 3690 21
591 3641 690 3690 Libium
701 3641 769 3689 AF:
796 3641 920 3702 Lepidum
937 3641 1075 3688 Rhenanus
1150 3641 1216 3690 bene
1230 3641 1270 3690 P:

271 3724 353 3769 paene
365 3708 460 3770 Schegb
520 3724 552 3756 22
564 3714 589 3756 et
601 3708 626 3755 in
640 3723 693 3768 rep.
704 3706 730 3755 A
743 3723 749 3756 :
767 3715 793 3756 et
805 3705 914 3770 Rep.P‚
929 3706 984 3754 ur'de
996 3706 1091 3754 Comm.
1106 3706 1164 3758 Cn't.

752 3842 784 3894 95
