2810 4350
534 334 859 395 PROLEGOMENA

298 503 374 579 Epla
389 504 494 561 Eman.
511 505 589 562 Port
606 502 697 580 Regis

339 608 418 669 Iulir'r
428 607 465 688 (t)
482 607 703 689 Maresidii1(?)
719 607 939 668 communicaui

377 714 450 774 ldie
465 714 589 775 Antonii
603 725 636 775 a⁰
654 718 729 793 1558

377 830 415 880 cu
430 822 574 898 Catalogo
589 821 730 882 libromm
746 819 862 880 Erasmi

478 926 623 987 Reddidit

236 1029 297 1089 Hic
322 1032 488 1090 notandum
511 1042 556 1092 est
583 1033 666 1108 quod
693 1032 732 1091 ab
760 1031 931 1108 apographo
954 1028 1193 1089 Amerbachiano

193 1137 278 1196 abest
299 1138 495 1213 fragmentum
516 1136 596 1214 prius
618 1136 684 1196 libri
699 1139 723 1210 Ι,
739 1137 767 1195 h.
779 1156 803 1196 e.
827 1134 956 1212 capitula
976 1145 1045 1194 octo
1067 1133 1194 1210 quaein

194 1243 240 1302 ed.
258 1245 303 1302 Pr.
320 1242 466 1303 Velleiani
486 1243 584 1319 operis
604 1243 722 1302 initium
741 1241 853 1302 faciunt
869 1262 887 1301 a
904 1240 1002 1300 uerbis
1021 1243 1194 1317 Tempestate

193 1349 348 1407 distraetus
375 1368 470 1425 usque
497 1350 536 1408 ad
564 1349 656 1408 uerba
678 1351 796 1425 Raptus
824 1349 972 1424 uirginum
1003 1347 1191 1407 Sabmammr.

193 1453 293 1514 Credo
304 1473 384 1512 anno
397 1457 472 1530 1516
482 1454 618 1513 nondum
629 1453 784 1513 inuentum
795 1453 886 1513 fuisse
900 1455 1098 1529 fragmentum
1108 1451 1191 1524 illud,

193 1560 241 1618 uel
262 1558 481 1619 dubitationem
503 1559 633 1619 mouisse
657 1580 696 1619 an
718 1558 865 1620 Velleiani
887 1558 984 1635 operis
1008 1578 1075 1634 pars
1097 1569 1174 1618 esset
1184 1580 1193 1631 3

192 1663 263 1723 hinc
282 1665 482 1725 Amerbachio
499 1685 560 1724 non
579 1664 610 1724 in
629 1685 735 1725 manus
754 1665 872 1724 uenisse
887 1685 956 1724 cum
975 1664 1089 1740 reliquo
1111 1666 1192 1723 Mur-

192 1770 313 1830 bacensi
328 1770 451 1845 codice,
471 1781 501 1830 at
519 1773 667 1832 Rhenano
688 1791 783 1830 annos
804 1782 872 1847 post
889 1781 1028 1847 quattuor
1042 1768 1190 1829 Velleium

191 1875 292 1935 edenti
313 1875 485 1953 suppetisse.
530 1878 607 1936 Nam
630 1877 735 1936 abesse
755 1877 794 1936 ab
811 1875 1003 1935 Amerbachii
1019 1876 1191 1952 apographo

189 1981 260 2041 folia
274 1981 387 2058 aliquot
401 1981 555 2058 deperdita
575 1981 649 2040 nihil
664 1993 708 2042 est
727 1984 810 2059 quod
831 1982 959 2042 indicet:
981 1983 1035 2042 sed
1049 2002 1067 2040 a
1081 1980 1190 2058 quibus

189 2087 287 2148 uerbis
315 2090 508 2165 apographon
536 2088 639 2165 incipit
659 2091 866 2164 Fragmentum
887 2091 986 2165 primi
1006 2090 1079 2147 libm'
1106 2089 1194 2147 Vellei

187 2196 339 2255 Paterculi
357 2214 393 2253 ea
406 2193 437 2253 in
459 2215 575 2254 summa
595 2205 678 2271 parte
698 2195 762 2255 folii
776 2206 805 2255 et
826 2194 948 2271 quidem
962 2194 1035 2254 recti
1056 2194 1189 2254 studiose

187 2300 287 2377 posuit
301 2301 526 2374 Amerbachius,
542 2312 695 2378 tamquam
712 2302 744 2361 id
764 2322 854 2379 agens
873 2313 907 2360 ut
928 2301 1045 2361 initium
1062 2301 1188 2378 paginae

186 2409 295 2467 faceret
309 2408 392 2484 quod
406 2407 461 2466 fuit
477 2407 623 2467 historiae.
667 2410 742 2468 Sunt
757 2408 808 2484 qui
822 2419 936 2484 putent,
949 2419 978 2468 et
992 2407 1023 2466 in
1037 2407 1084 2466 his
1096 2409 1188 2467 Fech·

185 2524 273 2586 teras,
286 2513 518 2573 Amerbachium
534 2534 595 2573 non
610 2513 708 2590 ipsum
720 2515 959 2586 Murbacensem,
970 2515 1024 2573 sed
1038 2515 1187 2592 exemplar
1250 2517 1253 2522 '

185 2619 248 2680 eius
259 2620 298 2680 ab
309 2619 367 2679 alio
379 2622 499 2694 factum,
510 2620 700 2696 descripsisse
711 2644 717 2679 :
739 2620 809 2680 hinc
820 2619 931 2680 omissa
944 2620 994 2680 illa
1005 2631 1074 2680 octo
1089 2620 1187 2696 capita
1262 2661 1264 2667 ,

184 2726 282 2799 fuisse,
293 2747 363 2786 cum
374 2727 412 2786 ab
424 2746 460 2786 eo
472 2726 631 2803 exemplari
639 2726 793 2786 abfuerint.
824 2728 884 2786 Sed
895 2738 1038 2803 repugnat
1047 2725 1186 2786 uniuersa

184 2832 298 2908 species
319 2830 550 2891 Amerbachiani
573 2831 753 2908 apographi:
786 2833 868 2909 quod
901 2831 926 2892 si
951 2851 1020 2891 cum
1044 2831 1185 2892 Rhenani

183 2938 229 2996 ed.
242 2937 376 3014 principe
387 2939 529 3010 conferas,
540 2937 643 2997 uideas
655 2937 756 2996 omnia
766 2937 885 2998 rudiora
896 2949 925 2997 et
936 2948 969 2997 ut
979 2937 1020 2997 ita
1032 2937 1130 2998 dicam
1142 2937 1184 2996 in-

182 3043 364 3120 corruptiora
377 3043 438 3102 illic
452 3054 558 3116 extare,
574 3043 728 3103 uocabulis
743 3043 892 3103 interdum
906 3065 968 3104 non
985 3055 1065 3104 recte
1080 3043 1182 3104 diuisis

183 3149 305 3228 (scimus
327 3161 428 3210 autem
452 3149 483 3208 in
509 3149 701 3210 Murbacensi
723 3171 785 3210 non
807 3162 886 3211 recte
909 3150 1006 3211 diuisa
1030 3148 1180 3227 extitisse),

181 3256 390 3333 orthographia
417 3277 518 3316 ueram
545 3255 760 3333 antiquitatem,
790 3277 851 3317 non
877 3259 1027 3317 saeculum
1052 3274 1116 3329 xm,
1140 3276 1183 3314 re·
1224 3319 1227 3326 ,

180 3364 300 3436 ferente,
313 3363 503 3424 distinctione
517 3366 714 3423 clausularum
728 3364 840 3425 incerta
853 3386 889 3424 ac
902 3367 1049 3441 perplexa,
1061 3365 1180 3439 qualem

179 3467 210 3528 in
233 3469 425 3530 Murbacensi
447 3473 611 3531 Rhenanus
633 3491 665 3530 se
685 3481 808 3531 testatur
825 3471 981 3531 inuenisse.
1026 3473 1181 3530 Praeterea

179 3574 211 3635 in
231 3575 423 3636 Amerbachii
443 3579 614 3654 apographo
636 3588 736 3637 tantus
756 3597 825 3654 grex
847 3587 890 3636 est
912 3575 1058 3636 uariarum
1080 3575 1180 3636 lectio-

488 3697 496 3724 ¹
513 3697 639 3746 Mamam'
646 3699 710 3760 legit
721 3699 752 3747 G.
767 3698 869 3746 Parker.

657 3803 700 3835 xiv
