3050 4350
684 291 813 350 LIBER
835 292 868 352 11

274 456 391 535 legendi
406 477 504 535 neque
517 477 619 518 amore
632 457 674 518 rei
693 457 830 535 publicae
852 469 903 518 aut
918 458 1059 532 Caesaris,
1076 458 1186 538 quippe
1200 463 1275 521 haec

274 574 390 632 semper
404 553 606 632 impugnabat,
621 558 675 616 sed
690 556 796 615 morbo
810 555 951 633 proditor,
967 577 1036 616 curn
1053 557 1155 618 fuisset
1169 558 1275 618 humil-

273 650 361 712 limus
375 655 546 714 adsentator
559 653 678 730 reginae
691 665 721 714 et
737 651 812 712 inira
831 673 932 714 seruos
954 654 1054 728 eliens,
1070 676 1138 715 cum
1160 654 1274 716 Antoni

273 747 415 824 librarius,
432 769 501 810 cum
520 749 800 811 obscenissimarum
817 771 914 811 rerum
929 763 958 810 et
972 764 1075 812 auctor
1089 764 1118 812 et
1132 751 1273 827 minister,
1341 813 1344 821 ,

245 858 342 908 scum
357 845 388 906 in
407 846 509 908 omnia
529 859 559 908 et
581 845 636 929 [in]
652 847 792 908 omnibus
813 847 935 921 uenalis,
951 869 1020 909 curn
1042 851 1223 910 caeruleatus
1244 861 1301 910 etr

273 947 372 1004 nudus
401 957 550 1022 caputque
577 944 730 1006 redimitus
758 945 904 1005 arundine
931 957 961 1006 et
991 949 1117 1006 caudam
1146 949 1273 1020 trahens,

273 1039 398 1116 genibus
419 1039 537 1102 innixus
559 1044 706 1102 Glaucum
728 1043 862 1102 saltasset
880 1041 911 1101 in
926 1042 1075 1116 conuiuio,
1091 1043 1274 1121 refrigeratus

272 1138 312 1198 ab
326 1138 460 1199 Antonio
474 1140 515 1199 ob
526 1139 746 1200 manifestarum
761 1139 929 1217 rapinarum
944 1140 1054 1200 indicia
1068 1141 1222 1219 transfugit
1235 1144 1274 1202 ad

275 1235 450 1296 Caesarem:
486 1247 516 1296 et
538 1235 618 1296 idem
642 1248 747 1313 postea
774 1236 963 1296 clementiam
991 1237 1111 1298 uictoris
1139 1258 1193 1315 pro
1221 1259 1275 1298 sua

231 1355 262 1391 ιο
275 1330 383 1392 uirtute
396 1333 649 1410 interpretabatur,
665 1332 804 1393 dictitans
818 1332 849 1393 id
868 1334 1026 1410 probatum
1043 1355 1061 1394 a
1075 1337 1209 1409 Caesare,
1226 1336 1274 1396 eui

272 1428 322 1490 ille
336 1428 490 1507 ignouerat
499 1453 508 1505 3
528 1433 609 1490 hunc
622 1442 722 1491 autem
742 1452 812 1492 mox
831 1434 1014 1491 auunculum
1029 1432 1125 1492 Titius
1143 1433 1275 1494 imitatus

273 1538 324 1587 est.
368 1529 449 1588 haud
471 1529 600 1590 absurde
622 1527 786 1605 Coponius,
802 1528 848 1588 uir
866 1548 884 1588 e
902 1528 1053 1606 praetoriis
1074 1529 1273 1606 grauissimus,
1289 1552 1304 1598 5

272 1635 355 1700 pater
370 1645 385 1678 r
402 1623 455 1684 Sili
476 1645 568 1698 socer,
591 1646 660 1685 curn
681 1645 784 1685 recens
804 1627 953 1703 transfuga
974 1629 1067 1686 multa
1088 1647 1124 1686 ac
1145 1630 1275 1689 nefanda

274 1723 401 1782 Plancus
420 1722 536 1782 absenti
558 1721 692 1783 Antonio
714 1722 745 1782 in
768 1735 872 1782 senatu
895 1722 1034 1796 obiceret,
1051 1725 1151 1798 multa,
1168 1724 1272 1802 inquit,
1343 1743 1350 1759 ·

230 1841 259 1894 15
273 1821 457 1880 mehercules
471 1819 541 1880 fecit
554 1819 703 1880 Antonius
718 1819 812 1898 pridie
827 1841 916 1898 quarn
931 1831 963 1880 tu
978 1820 1060 1880 illum
1075 1821 1263 1899 relinqueres,

313 1917 440 1978 Caesare
454 1917 564 1978 deinde
578 1929 609 1978 et
623 1919 753 1978 Messala
764 1917 897 1978 Coruino
908 1917 1080 1978 consulibus
1091 1920 1272 1980 debellatum
1288 1921 1328 1994 84

272 2015 353 2090 apud
372 2013 502 2087 Actium,
523 2013 575 2074 ubi
594 2017 682 2092 longe
699 2026 770 2074 ante
788 2035 879 2091 quam
893 2014 1090 2088 dimicaretur,
1106 2017 1274 2092 exploratis-

273 2110 348 2171 sima
362 2111 543 2172 Iulianarum
557 2112 684 2190 partium
699 2111 754 2172 fuit
768 2111 898 2172 uictoria
943 2111 1062 2189 uigebat
1076 2112 1106 2172 in
1121 2115 1177 2174 hac
1191 2126 1273 2192 parte

273 2207 357 2268 miles
384 2220 475 2285 atque
501 2209 668 2286 imperator,
697 2212 728 2270 iu
756 2209 806 2269 illa
837 2210 1009 2269 marcebant
1043 2209 1161 2270 omnia:
1202 2211 1274 2272 hinc

228 2333 259 2368 20
272 2305 397 2382 remiges
416 2305 583 2380 firmissimi,
598 2305 679 2366 illinc
698 2306 799 2384 inopia
821 2305 1030 2367 adfectissimi:
1054 2306 1177 2366 nauium
1198 2310 1274 2368 haec

272 2403 448 2479 magnitudo
468 2403 587 2464 modica
608 2424 663 2464 nec
688 2402 829 2464 celeritati
852 2406 985 2476 aduersa,
1010 2403 1061 2463 illa
1085 2403 1184 2481 specie
1206 2416 1272 2464 ete

272 2500 444 2561 terribilior:
475 2501 546 2561 hinc
570 2504 608 2562 ad
633 2501 800 2563 Antonium
822 2522 920 2574 nemo,
947 2501 1028 2561 illinc
1052 2503 1091 2562 ad
1115 2503 1273 2563 Caesarem

273 2597 382 2659 cotidie
405 2598 510 2675 aliquis
535 2598 764 2676 transfugiebat3
794 2598 925 2674 denique
946 2597 976 2657 in
998 2619 1048 2658 ore
1069 2610 1158 2675 atque
1180 2599 1274 2659 oculis

306 2769 322 2800 a
338 2754 642 2816 impugnaratBunnann
716 2753 908 2815 3AntoniAP
956 2753 1277 2812 40bscoenissimarumP

274 2821 331 2880 5in
344 2821 434 2872 delebat
445 2821 546 2882 Listsius
638 2818 847 2868 ceruleatusAP
920 2819 1078 2867 8inditiaA
1165 2835 1192 2867 11
1212 2836 1273 2867 mox

273 2893 357 2933 autem
379 2887 433 2946 (aut
451 2885 490 2942 A)
512 2886 580 2934 hunc
599 2901 659 2934 mox
676 2902 698 2933 a.
716 2884 785 2933 BA:
808 2884 877 2932 hunc
894 2900 953 2931 mox
971 2901 993 2932 a.
1012 2884 1043 2942 P,
1060 2885 1157 2932 uriletur
1169 2900 1228 2932 mox
1241 2886 1277 2932 sic

273 2956 403 2998 exaratum
408 2950 490 3011 fuisse
499 2951 526 2998 iu
538 2950 620 3000 Murb.
634 2957 662 2998 ut
672 2951 835 3013 ambigeretur
845 2950 889 2997 ubi
897 2949 1064 2997 collocandum
1075 2956 1133 2997 esset
1193 2966 1273 2998 auun-

274 3016 358 3064 culum
382 3016 450 3064 AP:
487 3016 632 3064 uanilocum
657 3016 822 3064 Comeiiaeeu:
847 3017 910 3076 sort.
932 3031 961 3062 ac
984 3021 1068 3063 tamen
1089 3016 1158 3063 hunc
1178 3031 1237 3062 mox
1250 3033 1273 3066 a.

275 3081 400 3130 M.Titius
420 3082 521 3143 Lipsius
620 3099 650 3129 12
668 3081 696 3131 C.
710 3081 840 3142 Coponius
857 3081 977 3142 Kreyssig
1073 3083 1112 3128 uir
1130 3081 1150 3128 E
1170 3081 1218 3142 (·E·
1236 3080 1271 3143 Β)

274 3148 418 3208 praetorius
430 3146 498 3195 AB:
514 3148 554 3194 uir
562 3148 707 3209 praetorius
716 3147 754 3194 P:
772 3147 812 3194 uir
824 3163 839 3193 e
848 3147 983 3206 praetoriis
991 3145 1085 3207 Sciregie
1153 3161 1181 3206 13
1199 3154 1275 3207 pater

276 3247 301 3261 ..
315 3249 321 3262 .
335 3212 375 3260 sili
387 3213 472 3274 scripsi
480 3231 486 3260 :
507 3213 634 3262 Patersilii
646 3212 691 3261 A:
711 3219 792 3274 pater,
807 3212 863 3260 Silii
874 3211 913 3259 P:
937 3212 964 3259 P.
979 3212 1035 3259 Silii
1049 3211 1161 3260 Gelenius
1244 3227 1272 3272 14

752 3316 818 3323 .-
1174 3289 1199 3316 ul·

275 3326 444 3376 obiceretA:
462 3327 623 3376 obiiceretP
706 3331 737 3375 16
753 3327 877 3376 COSA:
903 3326 1029 3376 COSSP
1123 3327 1153 3373 18
1170 3325 1274 3388 uigebat

274 3392 300 3440 A
315 3392 367 3454 (sic)
472 3408 501 3453 19
519 3393 588 3441 illam
605 3393 726 3441 arcebant
737 3392 806 3440 BA:
829 3392 895 3440 illam
908 3392 947 3440 P:
971 3394 996 3440 in
1014 3393 1056 3439 illa
1072 3407 1104 3440 m.
1120 3391 1276 3440 Vascosanus

275 3475 307 3506 20
324 3459 436 3518 remiges
449 3457 562 3518 lipsius:
581 3475 655 3520 reges
667 3459 721 3506 ΑΡ
804 3473 833 3506 ar
853 3459 952 3506 modica
964 3473 1012 3504 nec
1023 3458 1157 3505 Hu'usrus:
1175 3459 1275 3506 modica

276 3523 364 3572 neA:
391 3524 525 3571 modicirne
539 3524 581 3573 B:
606 3524 778 3572 modicdueP
842 3524 965 3571 celeritati
982 3523 1115 3572 Heinsius:
1143 3524 1274 3571 celeritate

275 3588 354 3635 ABP
401 3589 489 3650 specie
497 3595 523 3636 et
531 3589 586 3637 ΑΡ
593 3591 730 3638 :lacunam
736 3589 812 3652 posui
860 3588 1183 3646 aahucdel.,du'nhincA
1242 3604 1274 3648 23

275 3655 367 3716 aliqu-is
376 3655 472 3716 aliquid
479 3653 505 3701 A
518 3656 579 3716 (εἰς),
589 3655 634 3702 sed
641 3655 710 3702 deleti
720 3655 831 3702 uocabuli
838 3655 927 3701 ultima
938 3654 1017 3701 littera
1027 3655 1070 3700 uix
1077 3653 1274 3716 dr'spz'cr'poteratt

277 3720 370 3781 aliquid
382 3718 424 3769 B:
441 3720 518 3780 aliqui
529 3720 556 3767 P
618 3720 821 3781 transfugiebaut
832 3719 859 3766 P
931 3721 1015 3781 adque
1026 3719 1052 3765 A

742 3811 773 3860 97
1135 3794 1152 3845 ⁷
