<?xml version="1.0" encoding="UTF-8"?>
<!DOCTYPE html PUBLIC "-//W3C//DTD XHTML 1.0 Transitional//EN"
    "http://www.w3.org/TR/xhtml1/DTD/xhtml1-transitional.dtd">
<html xmlns="http://www.w3.org/1999/xhtml" xml:lang="en" lang="en">
 <head>
  <title>
</title>
<meta http-equiv="Content-Type" content="text/html;charset=utf-8" />
  <meta name='ocr-system' content='tesseract 3.04.00' />
  <meta name='ocr-capabilities' content='ocr_page ocr_carea ocr_par ocr_line ocrx_word'/>
</head>
<body>
  <div class='ocr_page' id='page_1' title='image "./velleipaterculi01elligoog_0015.png"; bbox 0 0 2810 4350; ppageno 0'>
   <div class='ocr_carea' id='block_1_1' title="bbox 528 348 854 408">
    <p class='ocr_par' dir='ltr' id='par_1_1' title="bbox 528 348 854 408">
     <span class='ocr_line' id='line_1_1' title="bbox 528 348 854 408; baseline 0.003 -3"><span class='ocrx_word' id='word_1_1' title='bbox 528 348 854 408; x_wconf 89' lang='lat' dir='ltr'>PROLEGOMENA</span> 
     </span>
    </p>
   </div>
   <div class='ocr_carea' id='block_1_2' title="bbox 182 514 1197 3351">
    <p class='ocr_par' dir='ltr' id='par_1_2' title="bbox 191 514 1192 908">
     <span class='ocr_line' id='line_1_2' title="bbox 193 514 1191 593; baseline 0.003 -20"><span class='ocrx_word' id='word_1_2' title='bbox 193 514 334 591; x_wconf 90' lang='lat' dir='ltr'>Epistulis</span> <span class='ocrx_word' id='word_1_3' title='bbox 353 514 408 574; x_wconf 87' lang='lat' dir='ltr'>fuit</span> <span class='ocrx_word' id='word_1_4' title='bbox 422 514 545 592; x_wconf 90' lang='lat' dir='ltr'>eiusque</span> <span class='ocrx_word' id='word_1_5' title='bbox 560 514 733 592; x_wconf 91' lang='lat' dir='ltr'>conscripsit</span> <span class='ocrx_word' id='word_1_6' title='bbox 748 515 849 588; x_wconf 90' lang='lat' dir='ltr'>uitam,</span> <span class='ocrx_word' id='word_1_7' title='bbox 865 536 883 574; x_wconf 95' lang='lat' dir='ltr'>a</span> <span class='ocrx_word' id='word_1_8' title='bbox 896 515 1013 576; x_wconf 94' lang='lat' dir='ltr'>Velleio</span> <span class='ocrx_word' id='word_1_9' title='bbox 1030 516 1191 593; x_wconf 88' lang='lat' dir='ltr'>sumpsisse</span> 
     </span>
     <span class='ocr_line' id='line_1_3' title="bbox 191 620 1190 698; baseline 0.006 -18"><span class='ocrx_word' id='word_1_10' title='bbox 191 620 335 681; x_wconf 91' lang='lat' dir='ltr'>imitanda</span> <span class='ocrx_word' id='word_1_11' title='bbox 349 621 571 682; x_wconf 90' lang='lat' dir='ltr'>demonstrauit.</span> <span class='ocrx_word' id='word_1_12' title='bbox 615 624 707 682; x_wconf 94' lang='lat' dir='ltr'>Nono</span> <span class='ocrx_word' id='word_1_13' title='bbox 724 621 810 698; x_wconf 91' lang='lat' dir='ltr'>igitur</span> <span class='ocrx_word' id='word_1_14' title='bbox 827 624 946 681; x_wconf 91' lang='lat' dir='ltr'>saeculo</span> <span class='ocrx_word' id='word_1_15' title='bbox 960 633 1028 698; x_wconf 88' lang='lat' dir='ltr'>post</span> <span class='ocrx_word' id='word_1_16' title='bbox 1039 622 1190 686; x_wconf 86' lang='lat' dir='ltr'>Christum</span> 
     </span>
     <span class='ocr_line' id='line_1_4' title="bbox 192 725 1192 804; baseline 0.001 -18"><span class='ocrx_word' id='word_1_17' title='bbox 192 738 294 786; x_wconf 91' lang='lat' dir='ltr'>natum</span> <span class='ocrx_word' id='word_1_18' title='bbox 323 727 440 786; x_wconf 84' lang='lat' dir='ltr'>extabat</span> <span class='ocrx_word' id='word_1_19' title='bbox 464 725 539 786; x_wconf 91' lang='lat' dir='ltr'>liber</span> <span class='ocrx_word' id='word_1_20' title='bbox 561 725 777 803; x_wconf 92' lang='lat' dir='ltr'>manuscriptus</span> <span class='ocrx_word' id='word_1_21' title='bbox 802 725 989 786; x_wconf 84' lang='lat' dir='ltr'>historiarum</span> <span class='ocrx_word' id='word_1_22' title='bbox 1011 727 1116 800; x_wconf 91' lang='lat' dir='ltr'>Vellei,</span> <span class='ocrx_word' id='word_1_23' title='bbox 1140 729 1192 804; x_wconf 95' lang='lat' dir='ltr'>qui</span> 
     </span>
     <span class='ocr_line' id='line_1_5' title="bbox 192 831 922 908; baseline -0.001 -16"><span class='ocrx_word' id='word_1_24' title='bbox 192 835 216 892; x_wconf 92' lang='lat' dir='ltr'>F</span> <span class='ocrx_word' id='word_1_25' title='bbox 217 834 344 892; x_wconf 91' lang='lat' dir='ltr'>uldaene</span> <span class='ocrx_word' id='word_1_26' title='bbox 358 853 396 891; x_wconf 91' lang='lat' dir='ltr'>an</span> <span class='ocrx_word' id='word_1_27' title='bbox 411 831 481 891; x_wconf 92' lang='lat' dir='ltr'>alibi</span> <span class='ocrx_word' id='word_1_28' title='bbox 496 831 583 891; x_wconf 86' lang='lat' dir='ltr'>fuerit</span> <span class='ocrx_word' id='word_1_29' title='bbox 596 835 779 908; x_wconf 92' lang='lat' dir='ltr'>exploratum</span> <span class='ocrx_word' id='word_1_30' title='bbox 794 853 856 892; x_wconf 91' lang='lat' dir='ltr'>non</span> <span class='ocrx_word' id='word_1_31' title='bbox 871 842 922 891; x_wconf 90' lang='lat' dir='ltr'>est.</span> 
     </span>
    </p>

    <p class='ocr_par' dir='ltr' id='par_1_3' title="bbox 182 936 1197 3230">
     <span class='ocr_line' id='line_1_6' title="bbox 232 936 1191 1015; baseline 0 -17"><span class='ocrx_word' id='word_1_32' title='bbox 232 941 321 998; x_wconf 88' lang='lat' dir='ltr'>Sexto</span> <span class='ocrx_word' id='word_1_33' title='bbox 356 937 474 998; x_wconf 91' lang='lat' dir='ltr'>decimo</span> <span class='ocrx_word' id='word_1_34' title='bbox 512 937 642 1015; x_wconf 91' lang='lat' dir='ltr'>denique</span> <span class='ocrx_word' id='word_1_35' title='bbox 681 939 800 996; x_wconf 91' lang='lat' dir='ltr'>saeculo</span> <span class='ocrx_word' id='word_1_36' title='bbox 838 936 978 996; x_wconf 91' lang='lat' dir='ltr'>inuentus</span> <span class='ocrx_word' id='word_1_37' title='bbox 1013 949 1057 998; x_wconf 91' lang='lat' dir='ltr'>est</span> <span class='ocrx_word' id='word_1_38' title='bbox 1097 941 1191 998; x_wconf 87' lang='lat' dir='ltr'>codex</span> 
     </span>
     <span class='ocr_line' id='line_1_7' title="bbox 191 1047 1192 1126; baseline 0.004 -21"><span class='ocrx_word' id='word_1_39' title='bbox 191 1048 398 1122; x_wconf 85' lang='lat' dir='ltr'>Murbacensis,</span> <span class='ocrx_word' id='word_1_40' title='bbox 416 1059 444 1107; x_wconf 90' lang='lat' dir='ltr'>et</span> <span class='ocrx_word' id='word_1_41' title='bbox 459 1047 580 1124; x_wconf 93' lang='lat' dir='ltr'>quidem</span> <span class='ocrx_word' id='word_1_42' title='bbox 595 1067 675 1108; x_wconf 92' lang='lat' dir='ltr'>anno</span> <span class='ocrx_word' id='word_1_43' title='bbox 694 1065 777 1125; x_wconf 85' lang='lat'>1515.</span> <span class='ocrx_word' id='word_1_44' title='bbox 814 1047 863 1108; x_wconf 91' lang='lat' dir='ltr'>Sic</span> <span class='ocrx_word' id='word_1_45' title='bbox 878 1048 957 1108; x_wconf 88' lang='lat' dir='ltr'>enim</span> <span class='ocrx_word' id='word_1_46' title='bbox 973 1050 1011 1108; x_wconf 93' lang='lat' dir='ltr'>de</span> <span class='ocrx_word' id='word_1_47' title='bbox 1026 1069 1063 1108; x_wconf 90' lang='lat' dir='ltr'>eo</span> <span class='ocrx_word' id='word_1_48' title='bbox 1077 1049 1192 1126; x_wconf 87' lang='lat' dir='ltr'>scripsit</span> 
     </span>
     <span class='ocr_line' id='line_1_8' title="bbox 192 1152 1189 1232; baseline 0.002 -20"><span class='ocrx_word' id='word_1_49' title='bbox 192 1155 302 1212; x_wconf 84' lang='lat' dir='ltr'>Beatus</span> <span class='ocrx_word' id='word_1_50' title='bbox 324 1155 488 1216; x_wconf 87' lang='lat' dir='ltr'>Rhenanus</span> <span class='ocrx_word' id='word_1_51' title='bbox 510 1152 561 1230; x_wconf 92' lang='lat' dir='ltr'>qui</span> <span class='ocrx_word' id='word_1_52' title='bbox 581 1152 693 1229; x_wconf 92' lang='lat' dir='ltr'>primus</span> <span class='ocrx_word' id='word_1_53' title='bbox 715 1153 871 1218; x_wconf 87' lang='lat' dir='ltr'>Velleium¹</span> <span class='ocrx_word' id='word_1_54' title='bbox 886 1152 980 1213; x_wconf 89' lang='lat' dir='ltr'>edidit</span> <span class='ocrx_word' id='word_1_55' title='bbox 1000 1174 1081 1214; x_wconf 91' lang='lat' dir='ltr'>anno</span> <span class='ocrx_word' id='word_1_56' title='bbox 1106 1173 1189 1232; x_wconf 83' lang='lat'>1520.</span> 
     </span>
     <span class='ocr_line' id='line_1_9' title="bbox 191 1260 1195 1336; baseline 0.002 -19"><span class='ocrx_word' id='word_1_57' title='bbox 191 1260 336 1334; x_wconf 79' lang='lat' dir='ltr'>Equidem</span> <span class='ocrx_word' id='word_1_58' title='bbox 358 1260 462 1318; x_wconf 81' lang='lat' dir='ltr'>abhinc</span> <span class='ocrx_word' id='word_1_59' title='bbox 484 1277 577 1317; x_wconf 87' lang='lat' dir='ltr'>annos</span> <span class='ocrx_word' id='word_1_60' title='bbox 598 1267 633 1316; x_wconf 90' lang='lat' dir='ltr'>nt</span> <span class='ocrx_word' id='word_1_61' title='bbox 643 1267 720 1336; x_wconf 87' lang='lat' dir='ltr'>puto</span> <span class='ocrx_word' id='word_1_62' title='bbox 740 1261 865 1335; x_wconf 82' lang='lat' dir='ltr'>quinque</span> <span class='ocrx_word' id='word_1_63' title='bbox 885 1279 948 1317; x_wconf 89' lang='lat' dir='ltr'>cum</span> <span class='ocrx_word' id='word_1_64' title='bbox 962 1260 1097 1334; x_wconf 84' lang='lat' dir='ltr'>primum</span> <span class='ocrx_word' id='word_1_65' title='bbox 1119 1261 1195 1319; x_wconf 83' lang='lat' dir='ltr'>bnnc</span> 
     </span>
     <span class='ocr_line' id='line_1_10' title="bbox 191 1366 1193 1443; baseline 0.001 -19"><span class='ocrx_word' id='word_1_66' title='bbox 191 1367 223 1424; x_wconf 93' lang='lat' dir='ltr'>in</span> <span class='ocrx_word' id='word_1_67' title='bbox 244 1366 434 1425; x_wconf 87' lang='lat' dir='ltr'>Murbacensi</span> <span class='ocrx_word' id='word_1_68' title='bbox 458 1366 621 1424; x_wconf 74' lang='lat' dir='ltr'>bibliotheca</span> <span class='ocrx_word' id='word_1_69' title='bbox 644 1367 814 1442; x_wconf 58' lang='lat' dir='ltr'>reperissem,</span> <span class='ocrx_word' id='word_1_70' title='bbox 839 1373 868 1423; x_wconf 87' lang='lat' dir='ltr'>et</span> <span class='ocrx_word' id='word_1_71' title='bbox 890 1366 1016 1424; x_wconf 76' lang='lat' dir='ltr'>arderem</span> <span class='ocrx_word' id='word_1_72' title='bbox 1041 1374 1101 1424; x_wconf 92' lang='lat' dir='ltr'>tam</span> <span class='ocrx_word' id='word_1_73' title='bbox 1123 1377 1193 1443; x_wconf 90' lang='lat' dir='ltr'>pro-</span> 
     </span>
     <span class='ocr_line' id='line_1_11' title="bbox 191 1471 1197 1548; baseline 0.001 -18"><span class='ocrx_word' id='word_1_74' title='bbox 191 1473 295 1548; x_wconf 72' lang='lat' dir='ltr'>drgiose</span> <span class='ocrx_word' id='word_1_75' title='bbox 324 1479 490 1548; x_wconf 82' lang='lat' dir='ltr'>corruptam</span> <span class='ocrx_word' id='word_1_76' title='bbox 519 1480 554 1530; x_wconf 87' lang='lat' dir='ltr'>nt</span> <span class='ocrx_word' id='word_1_77' title='bbox 583 1473 682 1530; x_wconf 90' lang='lat' dir='ltr'>omnia</span> <span class='ocrx_word' id='word_1_78' title='bbox 710 1473 858 1530; x_wconf 82' lang='lat' dir='ltr'>restituere</span> <span class='ocrx_word' id='word_1_79' title='bbox 885 1491 942 1530; x_wconf 92' lang='lat' dir='ltr'>non</span> <span class='ocrx_word' id='word_1_80' title='bbox 961 1471 1045 1548; x_wconf 88' lang='lat' dir='ltr'>foret</span> <span class='ocrx_word' id='word_1_81' title='bbox 1070 1474 1197 1531; x_wconf 76' lang='lat' dir='ltr'>hnmani</span> 
     </span>
     <span class='ocr_line' id='line_1_12' title="bbox 191 1577 1193 1656; baseline 0 -18"><span class='ocrx_word' id='word_1_82' title='bbox 191 1580 306 1656; x_wconf 85' lang='lat' dir='ltr'>ingenii,</span> <span class='ocrx_word' id='word_1_83' title='bbox 323 1585 519 1655; x_wconf 83' lang='lat' dir='ltr'>properanter</span> <span class='ocrx_word' id='word_1_84' title='bbox 538 1598 572 1636; x_wconf 88' lang='lat' dir='ltr'>ac</span> <span class='ocrx_word' id='word_1_85' title='bbox 591 1577 743 1653; x_wconf 74' lang='lat' dir='ltr'>infiliciter</span> <span class='ocrx_word' id='word_1_86' title='bbox 761 1579 797 1636; x_wconf 92' lang='lat' dir='ltr'>ab</span> <span class='ocrx_word' id='word_1_87' title='bbox 818 1579 908 1636; x_wconf 89' lang='lat' dir='ltr'>amico</span> <span class='ocrx_word' id='word_1_88' title='bbox 929 1580 1052 1653; x_wconf 85' lang='lat' dir='ltr'>quodam</span> <span class='ocrx_word' id='word_1_89' title='bbox 1074 1581 1193 1656; x_wconf 82' lang='lat' dir='ltr'>descrip-</span> 
     </span>
     <span class='ocr_line' id='line_1_13' title="bbox 192 1685 1193 1763; baseline -0.001 -18"><span class='ocrx_word' id='word_1_90' title='bbox 192 1695 261 1759; x_wconf 86' lang='lat' dir='ltr'>tum,</span> <span class='ocrx_word' id='word_1_91' title='bbox 270 1687 461 1763; x_wconf 87' lang='lat' dir='ltr'>premendum</span> <span class='ocrx_word' id='word_1_92' title='bbox 475 1687 567 1761; x_wconf 91' lang='lat' dir='ltr'>plane</span> <span class='ocrx_word' id='word_1_93' title='bbox 587 1685 728 1742; x_wconf 86' lang='lat' dir='ltr'>censebam</span> <span class='ocrx_word' id='word_1_94' title='bbox 749 1687 835 1742; x_wconf 89' lang='lat' dir='ltr'>donec</span> <span class='ocrx_word' id='word_1_95' title='bbox 854 1685 979 1743; x_wconf 81' lang='lat' dir='ltr'>melioris</span> <span class='ocrx_word' id='word_1_96' title='bbox 997 1686 1076 1742; x_wconf 90' lang='lat' dir='ltr'>nobis</span> <span class='ocrx_word' id='word_1_97' title='bbox 1093 1687 1193 1744; x_wconf 72' lang='lat' dir='ltr'>codicis</span> 
     </span>
     <span class='ocr_line' id='line_1_14' title="bbox 182 1790 1190 1868; baseline -0.001 -19"><span class='ocrx_word' id='word_1_98' title='bbox 182 1792 271 1866; x_wconf 90' lang='lat' dir='ltr'>fieret</span> <span class='ocrx_word' id='word_1_99' title='bbox 282 1793 368 1868; x_wconf 79' lang='lat' dir='ltr'>copia,</span> <span class='ocrx_word' id='word_1_100' title='bbox 384 1810 465 1866; x_wconf 84' lang='lat' dir='ltr'>quem</span> <span class='ocrx_word' id='word_1_101' title='bbox 485 1799 641 1866; x_wconf 85' lang='lat' dir='ltr'>acceperam</span> <span class='ocrx_word' id='word_1_102' title='bbox 659 1790 762 1847; x_wconf 79' lang='lat' dir='ltr'>baberi</span> <span class='ocrx_word' id='word_1_103' title='bbox 777 1790 942 1847; x_wconf 83' lang='lat' dir='ltr'>Mediolani</span> <span class='ocrx_word' id='word_1_104' title='bbox 956 1791 1105 1847; x_wconf 85' lang='lat' dir='ltr'>inuentum</span> <span class='ocrx_word' id='word_1_105' title='bbox 1122 1793 1190 1849; x_wconf 90' lang='lat' dir='ltr'>olim</span> 
     </span>
     <span class='ocr_line' id='line_1_15' title="bbox 191 1893 1189 1972; baseline 0.001 -18"><span class='ocrx_word' id='word_1_106' title='bbox 191 1917 210 1954; x_wconf 95' lang='lat' dir='ltr'>a</span> <span class='ocrx_word' id='word_1_107' title='bbox 229 1898 349 1972; x_wconf 82' lang='lat' dir='ltr'>Georgia</span> <span class='ocrx_word' id='word_1_108' title='bbox 362 1897 492 1954; x_wconf 71' lang='lat' dir='ltr'>Mer-ma.</span> <span class='ocrx_word' id='word_1_109' title='bbox 537 1897 591 1953; x_wconf 88' lang='lat' dir='ltr'>Est</span> <span class='ocrx_word' id='word_1_110' title='bbox 605 1905 704 1953; x_wconf 92' lang='lat' dir='ltr'>autem</span> <span class='ocrx_word' id='word_1_111' title='bbox 721 1893 932 1953; x_wconf 90' lang='lat' dir='ltr'>Murbachium</span> <span class='ocrx_word' id='word_1_112' title='bbox 952 1893 1035 1954; x_wconf 89' lang='lat' dir='ltr'>uicus</span> <span class='ocrx_word' id='word_1_113' title='bbox 1050 1895 1189 1968; x_wconf 90' lang='lat' dir='ltr'>Alsatiae,</span> 
     </span>
     <span class='ocr_line' id='line_1_16' title="bbox 192 2000 1191 2066; baseline -0.003 -3"><span class='ocrx_word' id='word_1_114' title='bbox 192 2005 345 2063; x_wconf 85' lang='lat' dir='ltr'>Gallorum</span> <span class='ocrx_word' id='word_1_115' title='bbox 374 2014 402 2062; x_wconf 93' lang='lat' dir='ltr'>et</span> <span class='ocrx_word' id='word_1_116' title='bbox 428 2000 637 2060; x_wconf 90' lang='lat' dir='ltr'>Heluetiorum</span> <span class='ocrx_word' id='word_1_117' title='bbox 662 2000 693 2060; x_wconf 91' lang='lat' dir='ltr'>in</span> <span class='ocrx_word' id='word_1_118' title='bbox 725 2000 874 2066; x_wconf 89' lang='lat' dir='ltr'>confinio:</span> <span class='ocrx_word' id='word_1_119' title='bbox 909 2000 1119 2061; x_wconf 89' lang='lat' dir='ltr'>monasterium</span> <span class='ocrx_word' id='word_1_120' title='bbox 1150 2002 1191 2061; x_wconf 88' lang='lat' dir='ltr'>ibi</span> 
     </span>
     <span class='ocr_line' id='line_1_17' title="bbox 190 2109 1190 2187; baseline 0 -17"><span class='ocrx_word' id='word_1_121' title='bbox 190 2111 244 2172; x_wconf 84' lang='lat' dir='ltr'>fuit</span> <span class='ocrx_word' id='word_1_122' title='bbox 259 2123 289 2171; x_wconf 92' lang='lat' dir='ltr'>et</span> <span class='ocrx_word' id='word_1_123' title='bbox 303 2110 484 2171; x_wconf 91' lang='lat' dir='ltr'>bibliotheca</span> <span class='ocrx_word' id='word_1_124' title='bbox 499 2109 761 2169; x_wconf 91' lang='lat' dir='ltr'>Benedictinorum</span> <span class='ocrx_word' id='word_1_125' title='bbox 778 2111 817 2169; x_wconf 93' lang='lat' dir='ltr'>ab</span> <span class='ocrx_word' id='word_1_126' title='bbox 836 2109 959 2187; x_wconf 88' lang='lat' dir='ltr'>antiqu&#39;o</span> <span class='ocrx_word' id='word_1_127' title='bbox 974 2109 1032 2168; x_wconf 90' lang='lat' dir='ltr'>iarn</span> <span class='ocrx_word' id='word_1_128' title='bbox 1048 2122 1190 2187; x_wconf 90' lang='lat' dir='ltr'>tempore,</span> 
     </span>
     <span class='ocr_line' id='line_1_18' title="bbox 191 2215 1189 2295; baseline -0.004 -17"><span class='ocrx_word' id='word_1_129' title='bbox 191 2238 373 2295; x_wconf 91' lang='lat' dir='ltr'>quamquam</span> <span class='ocrx_word' id='word_1_130' title='bbox 394 2217 425 2276; x_wconf 90' lang='lat' dir='ltr'>in</span> <span class='ocrx_word' id='word_1_131' title='bbox 446 2216 586 2293; x_wconf 83' lang='lat' dir='ltr'>catalogis</span> <span class='ocrx_word' id='word_1_132' title='bbox 608 2216 726 2276; x_wconf 92' lang='lat' dir='ltr'>duobus</span> <span class='ocrx_word' id='word_1_133' title='bbox 748 2215 887 2275; x_wconf 89' lang='lat' dir='ltr'>codicum</span> <span class='ocrx_word' id='word_1_134' title='bbox 912 2215 1189 2293; x_wconf 89' lang='lat' dir='ltr'>manuscriptorum,</span> 
     </span>
     <span class='ocr_line' id='line_1_19' title="bbox 191 2321 1192 2402; baseline -0.003 -18"><span class='ocrx_word' id='word_1_135' title='bbox 191 2324 242 2402; x_wconf 92' lang='lat' dir='ltr'>qui</span> <span class='ocrx_word' id='word_1_136' title='bbox 264 2326 383 2385; x_wconf 90' lang='lat' dir='ltr'>saeculo</span> <span class='ocrx_word' id='word_1_137' title='bbox 402 2343 438 2382; x_wconf 88' lang='lat' dir='ltr'>xv</span> <span class='ocrx_word' id='word_1_138' title='bbox 455 2323 485 2382; x_wconf 93' lang='lat' dir='ltr'>in</span> <span class='ocrx_word' id='word_1_139' title='bbox 508 2343 543 2382; x_wconf 98' lang='lat' dir='ltr'>ea</span> <span class='ocrx_word' id='word_1_140' title='bbox 563 2334 653 2395; x_wconf 92' lang='lat' dir='ltr'>erant,</span> <span class='ocrx_word' id='word_1_141' title='bbox 670 2321 757 2382; x_wconf 92' lang='lat' dir='ltr'>editis</span> <span class='ocrx_word' id='word_1_142' title='bbox 778 2342 873 2399; x_wconf 90' lang='lat' dir='ltr'>nuper</span> <span class='ocrx_word' id='word_1_143' title='bbox 886 2343 905 2381; x_wconf 91' lang='lat' dir='ltr'>a</span> <span class='ocrx_word' id='word_1_144' title='bbox 918 2321 1063 2382; x_wconf 89' lang='lat' dir='ltr'>Zarnckio</span> <span class='ocrx_word' id='word_1_145' title='bbox 1081 2321 1192 2402; x_wconf 84' lang='lat' dir='ltr'>(Philo-</span> 
     </span>
     <span class='ocr_line' id='line_1_20' title="bbox 192 2426 1191 2507; baseline -0.001 -18"><span class='ocrx_word' id='word_1_146' title='bbox 192 2429 250 2507; x_wconf 90' lang='lat' dir='ltr'>logi</span> <span class='ocrx_word' id='word_1_147' title='bbox 271 2451 296 2489; x_wconf 92' lang='lat' dir='ltr'>a.</span> <span class='ocrx_word' id='word_1_148' title='bbox 317 2433 401 2506; x_wconf 90' lang='lat'>1890,</span> <span class='ocrx_word' id='word_1_149' title='bbox 424 2449 472 2506; x_wconf 92' lang='lat' dir='ltr'>pp.</span> <span class='ocrx_word' id='word_1_150' title='bbox 490 2431 548 2487; x_wconf 88' lang='lat'>616</span> <span class='ocrx_word' id='word_1_151' title='bbox 563 2427 641 2504; x_wconf 90' lang='lat' dir='ltr'>sqq.)</span> <span class='ocrx_word' id='word_1_152' title='bbox 667 2448 815 2504; x_wconf 84' lang='lat' dir='ltr'>nusquam</span> <span class='ocrx_word' id='word_1_153' title='bbox 840 2426 983 2486; x_wconf 89' lang='lat' dir='ltr'>memoria</span> <span class='ocrx_word' id='word_1_154' title='bbox 1005 2427 1122 2504; x_wconf 88' lang='lat' dir='ltr'>prodita</span> <span class='ocrx_word' id='word_1_155' title='bbox 1147 2441 1191 2488; x_wconf 90' lang='lat' dir='ltr'>est</span> 
     </span>
     <span class='ocr_line' id='line_1_21' title="bbox 190 2533 1192 2611; baseline -0.003 -16"><span class='ocrx_word' id='word_1_156' title='bbox 190 2535 294 2596; x_wconf 90' lang='lat' dir='ltr'>Vellei.</span> <span class='ocrx_word' id='word_1_157' title='bbox 339 2537 438 2596; x_wconf 90' lang='lat' dir='ltr'>Credo</span> <span class='ocrx_word' id='word_1_158' title='bbox 460 2545 527 2611; x_wconf 93' lang='lat' dir='ltr'>post</span> <span class='ocrx_word' id='word_1_159' title='bbox 545 2533 668 2610; x_wconf 90' lang='lat' dir='ltr'>scriptos</span> <span class='ocrx_word' id='word_1_160' title='bbox 690 2536 812 2594; x_wconf 92' lang='lat' dir='ltr'>demum</span> <span class='ocrx_word' id='word_1_161' title='bbox 833 2535 982 2610; x_wconf 86' lang='lat' dir='ltr'>catalogos</span> <span class='ocrx_word' id='word_1_162' title='bbox 996 2533 1092 2594; x_wconf 90' lang='lat' dir='ltr'>Vellei</span> <span class='ocrx_word' id='word_1_163' title='bbox 1113 2535 1192 2594; x_wconf 90' lang='lat' dir='ltr'>codi-</span> 
     </span>
     <span class='ocr_line' id='line_1_22' title="bbox 192 2637 1192 2712; baseline -0.002 -11"><span class='ocrx_word' id='word_1_164' title='bbox 192 2663 257 2702; x_wconf 91' lang='lat' dir='ltr'>cem</span> <span class='ocrx_word' id='word_1_165' title='bbox 279 2640 309 2699; x_wconf 91' lang='lat' dir='ltr'>in</span> <span class='ocrx_word' id='word_1_166' title='bbox 331 2641 429 2699; x_wconf 90' lang='lat' dir='ltr'>lucem</span> <span class='ocrx_word' id='word_1_167' title='bbox 451 2639 587 2712; x_wconf 78' lang='lat' dir='ltr'>uenisse,</span> <span class='ocrx_word' id='word_1_168' title='bbox 611 2637 701 2698; x_wconf 86' lang='lat' dir='ltr'>fuisse</span> <span class='ocrx_word' id='word_1_169' title='bbox 723 2637 803 2698; x_wconf 92' lang='lat' dir='ltr'>enim</span> <span class='ocrx_word' id='word_1_170' title='bbox 825 2638 855 2698; x_wconf 94' lang='lat' dir='ltr'>in</span> <span class='ocrx_word' id='word_1_171' title='bbox 880 2638 1069 2698; x_wconf 84' lang='lat' dir='ltr'>monasterii²</span> <span class='ocrx_word' id='word_1_172' title='bbox 1088 2639 1192 2699; x_wconf 94' lang='lat' dir='ltr'>biblio-</span> 
     </span>
     <span class='ocr_line' id='line_1_23' title="bbox 191 2743 1190 2820; baseline -0.003 -14"><span class='ocrx_word' id='word_1_173' title='bbox 191 2749 286 2820; x_wconf 88' lang='lat' dir='ltr'>theca,</span> <span class='ocrx_word' id='word_1_174' title='bbox 303 2766 364 2805; x_wconf 92' lang='lat' dir='ltr'>non</span> <span class='ocrx_word' id='word_1_175' title='bbox 379 2744 410 2804; x_wconf 89' lang='lat' dir='ltr'>in</span> <span class='ocrx_word' id='word_1_176' title='bbox 424 2744 481 2803; x_wconf 88' lang='lat' dir='ltr'>alia</span> <span class='ocrx_word' id='word_1_177' title='bbox 500 2743 639 2820; x_wconf 89' lang='lat' dir='ltr'>quapiam</span> <span class='ocrx_word' id='word_1_178' title='bbox 659 2743 859 2817; x_wconf 88' lang='lat' dir='ltr'>Murbacensi,</span> <span class='ocrx_word' id='word_1_179' title='bbox 876 2743 931 2803; x_wconf 93' lang='lat' dir='ltr'>etsi</span> <span class='ocrx_word' id='word_1_180' title='bbox 949 2746 1114 2804; x_wconf 91' lang='lat' dir='ltr'>Rhenanus</span> <span class='ocrx_word' id='word_1_181' title='bbox 1129 2766 1190 2805; x_wconf 93' lang='lat' dir='ltr'>non</span> 
     </span>
     <span class='ocr_line' id='line_1_24' title="bbox 191 2849 1191 2927; baseline -0.003 -14"><span class='ocrx_word' id='word_1_182' title='bbox 191 2853 233 2913; x_wconf 91' lang='lat' dir='ltr'>sic</span> <span class='ocrx_word' id='word_1_183' title='bbox 248 2863 370 2912; x_wconf 91' lang='lat' dir='ltr'>testatus</span> <span class='ocrx_word' id='word_1_184' title='bbox 385 2862 429 2910; x_wconf 92' lang='lat' dir='ltr'>est</span> <span class='ocrx_word' id='word_1_185' title='bbox 443 2850 475 2909; x_wconf 91' lang='lat' dir='ltr'>in</span> <span class='ocrx_word' id='word_1_186' title='bbox 494 2849 625 2911; x_wconf 87' lang='lat' dir='ltr'>editione</span> <span class='ocrx_word' id='word_1_187' title='bbox 639 2849 781 2927; x_wconf 89' lang='lat' dir='ltr'>principe,</span> <span class='ocrx_word' id='word_1_188' title='bbox 797 2871 834 2910; x_wconf 92' lang='lat' dir='ltr'>eo</span> <span class='ocrx_word' id='word_1_189' title='bbox 851 2851 883 2908; x_wconf 92' lang='lat' dir='ltr'>fit</span> <span class='ocrx_word' id='word_1_190' title='bbox 903 2870 974 2910; x_wconf 91' lang='lat' dir='ltr'>uero</span> <span class='ocrx_word' id='word_1_191' title='bbox 989 2850 1092 2924; x_wconf 89' lang='lat' dir='ltr'>simile,</span> <span class='ocrx_word' id='word_1_192' title='bbox 1109 2854 1191 2927; x_wconf 92' lang='lat' dir='ltr'>quod</span> 
     </span>
     <span class='ocr_line' id='line_1_25' title="bbox 192 2955 1192 3029; baseline -0.003 -11"><span class='ocrx_word' id='word_1_193' title='bbox 192 2979 247 3018; x_wconf 93' lang='lat' dir='ltr'>nec</span> <span class='ocrx_word' id='word_1_194' title='bbox 261 2957 380 3018; x_wconf 90' lang='lat' dir='ltr'>alterius</span> <span class='ocrx_word' id='word_1_195' title='bbox 394 2956 436 3016; x_wconf 92' lang='lat' dir='ltr'>ihi</span> <span class='ocrx_word' id='word_1_196' title='bbox 456 2955 654 3015; x_wconf 89' lang='lat' dir='ltr'>bibliothecae</span> <span class='ocrx_word' id='word_1_197' title='bbox 669 2957 748 3014; x_wconf 84' lang='lat' dir='ltr'>fama</span> <span class='ocrx_word' id='word_1_198' title='bbox 762 2955 899 3028; x_wconf 91' lang='lat' dir='ltr'>innotuit,</span> <span class='ocrx_word' id='word_1_199' title='bbox 916 2976 980 3029; x_wconf 90' lang='lat' dir='ltr'>nec,</span> <span class='ocrx_word' id='word_1_200' title='bbox 996 2955 1021 3016; x_wconf 93' lang='lat' dir='ltr'>si</span> <span class='ocrx_word' id='word_1_201' title='bbox 1037 2957 1077 3016; x_wconf 98' lang='lat' dir='ltr'>ab</span> <span class='ocrx_word' id='word_1_202' title='bbox 1093 2956 1192 3015; x_wconf 92' lang='lat' dir='ltr'>huius-</span> 
     </span>
     <span class='ocr_line' id='line_1_26' title="bbox 192 3061 1191 3140; baseline -0.004 -16"><span class='ocrx_word' id='word_1_203' title='bbox 192 3063 275 3125; x_wconf 92' lang='lat' dir='ltr'>modi</span> <span class='ocrx_word' id='word_1_204' title='bbox 296 3063 478 3124; x_wconf 87' lang='lat' dir='ltr'>bibliotheca</span> <span class='ocrx_word' id='word_1_205' title='bbox 499 3061 684 3140; x_wconf 89' lang='lat' dir='ltr'>prouenisset</span> <span class='ocrx_word' id='word_1_206' title='bbox 706 3064 801 3122; x_wconf 86' lang='lat' dir='ltr'>codex</span> <span class='ocrx_word' id='word_1_207' title='bbox 821 3061 926 3136; x_wconf 91' lang='lat' dir='ltr'>Vellei,</span> <span class='ocrx_word' id='word_1_208' title='bbox 947 3084 1009 3123; x_wconf 91' lang='lat' dir='ltr'>non</span> <span class='ocrx_word' id='word_1_209' title='bbox 1031 3062 1062 3122; x_wconf 93' lang='lat' dir='ltr'>id</span> <span class='ocrx_word' id='word_1_210' title='bbox 1083 3061 1191 3122; x_wconf 87' lang='lat' dir='ltr'>diserte</span> 
     </span>
     <span class='ocr_line' id='line_1_27' title="bbox 190 3168 663 3230; baseline -0.004 0"><span class='ocrx_word' id='word_1_211' title='bbox 190 3170 357 3230; x_wconf 86' lang='lat' dir='ltr'>Rhenanus</span> <span class='ocrx_word' id='word_1_212' title='bbox 372 3181 587 3230; x_wconf 89' lang='lat' dir='ltr'>memoraturus</span> <span class='ocrx_word' id='word_1_213' title='bbox 601 3168 663 3228; x_wconf 87' lang='lat' dir='ltr'>fuit.</span> 
     </span>
    </p>

    <p class='ocr_par' dir='ltr' id='par_1_4' title="bbox 234 3273 1191 3351">
     <span class='ocr_line' id='line_1_28' title="bbox 234 3273 1191 3351; baseline -0.005 -14"><span class='ocrx_word' id='word_1_214' title='bbox 234 3278 338 3337; x_wconf 86' lang='lat' dir='ltr'>Codex</span> <span class='ocrx_word' id='word_1_215' title='bbox 364 3274 571 3335; x_wconf 90' lang='lat' dir='ltr'>Murbacensis</span> <span class='ocrx_word' id='word_1_216' title='bbox 592 3273 687 3351; x_wconf 90' lang='lat' dir='ltr'>qualis</span> <span class='ocrx_word' id='word_1_217' title='bbox 712 3273 799 3334; x_wconf 83' lang='lat' dir='ltr'>fuerit</span> <span class='ocrx_word' id='word_1_218' title='bbox 820 3273 923 3334; x_wconf 90' lang='lat' dir='ltr'>docuit</span> <span class='ocrx_word' id='word_1_219' title='bbox 945 3293 1001 3332; x_wconf 93' lang='lat' dir='ltr'>nos</span> <span class='ocrx_word' id='word_1_220' title='bbox 1027 3273 1191 3332; x_wconf 90' lang='lat' dir='ltr'>Rhenanus</span> 
     </span>
    </p>
   </div>
   <div class='ocr_carea' id='block_1_3' title="bbox 191 3377 1193 3568">
    <p class='ocr_par' dir='ltr' id='par_1_5' title="bbox 191 3377 1193 3568">
     <span class='ocr_line' id='line_1_29' title="bbox 191 3377 1191 3459; baseline -0.005 -17"><span class='ocrx_word' id='word_1_221' title='bbox 191 3383 222 3442; x_wconf 93' lang='lat' dir='ltr'>in</span> <span class='ocrx_word' id='word_1_222' title='bbox 240 3382 422 3459; x_wconf 90' lang='lat' dir='ltr'>postscriptis</span> <span class='ocrx_word' id='word_1_223' title='bbox 440 3403 516 3459; x_wconf 91' lang='lat' dir='ltr'>quae</span> <span class='ocrx_word' id='word_1_224' title='bbox 531 3381 652 3442; x_wconf 88' lang='lat' dir='ltr'>ultimae</span> <span class='ocrx_word' id='word_1_225' title='bbox 666 3381 791 3459; x_wconf 90' lang='lat' dir='ltr'>paginae</span> <span class='ocrx_word' id='word_1_226' title='bbox 806 3383 852 3441; x_wconf 84' lang='lat' dir='ltr'>ed.</span> <span class='ocrx_word' id='word_1_227' title='bbox 871 3384 915 3440; x_wconf 90' lang='lat' dir='ltr'>Pr.</span> <span class='ocrx_word' id='word_1_228' title='bbox 931 3377 1047 3440; x_wconf 90' lang='lat' dir='ltr'>adiecit.</span> <span class='ocrx_word' id='word_1_229' title='bbox 1084 3381 1191 3438; x_wconf 87' lang='lat' dir='ltr'>Ausim</span> 
     </span>
     <span class='ocr_line' id='line_1_30' title="bbox 191 3485 1193 3568; baseline -0.003 -20"><span class='ocrx_word' id='word_1_230' title='bbox 191 3490 291 3548; x_wconf 86' lang='lat' dir='ltr'>iurare</span> <span class='ocrx_word' id='word_1_231' title='bbox 311 3508 374 3546; x_wconf 88' lang='lat' dir='ltr'>enm</span> <span class='ocrx_word' id='word_1_232' title='bbox 395 3490 448 3563; x_wconf 85' lang='lat' dir='ltr'>qni</span> <span class='ocrx_word' id='word_1_233' title='bbox 469 3490 552 3547; x_wconf 86' lang='lat' dir='ltr'>illum</span> <span class='ocrx_word' id='word_1_234' title='bbox 577 3486 662 3568; x_wconf 88' lang='lat' dir='ltr'>(Cod.</span> <span class='ocrx_word' id='word_1_235' title='bbox 683 3485 915 3565; x_wconf 84' lang='lat' dir='ltr'>Murbacenrem)</span> <span class='ocrx_word' id='word_1_236' title='bbox 939 3485 1131 3562; x_wconf 78' lang='lat' dir='ltr'>descripserat,</span> <span class='ocrx_word' id='word_1_237' title='bbox 1159 3507 1193 3546; x_wconf 90' lang='lat' dir='ltr'>ne</span> 
     </span>
    </p>
   </div>
   <div class='ocr_carea' id='block_1_4' title="bbox 191 3637 1191 3848">
    <p class='ocr_par' dir='ltr' id='par_1_6' title="bbox 191 3637 1191 3848">
     <span class='ocr_line' id='line_1_31' title="bbox 224 3637 1191 3702; baseline 0.001 -14"><span class='ocrx_word' id='word_1_238' title='bbox 224 3643 231 3670; x_wconf 94' lang='lat'>¹</span> <span class='ocrx_word' id='word_1_239' title='bbox 251 3642 291 3689; x_wconf 88' lang='lat' dir='ltr'>De</span> <span class='ocrx_word' id='word_1_240' title='bbox 301 3642 455 3688; x_wconf 86' lang='lat' dir='ltr'>monasterio</span> <span class='ocrx_word' id='word_1_241' title='bbox 466 3641 628 3689; x_wconf 86' lang='lat' dir='ltr'>Murbacensi</span> <span class='ocrx_word' id='word_1_242' title='bbox 638 3641 730 3689; x_wconf 90' lang='lat' dir='ltr'>librum</span> <span class='ocrx_word' id='word_1_243' title='bbox 739 3641 802 3690; x_wconf 88' lang='lat' dir='ltr'>satis</span> <span class='ocrx_word' id='word_1_244' title='bbox 809 3641 931 3701; x_wconf 85' lang='lat' dir='ltr'>grandem</span> <span class='ocrx_word' id='word_1_245' title='bbox 943 3638 1043 3701; x_wconf 90' lang='lat' dir='ltr'>scripsit</span> <span class='ocrx_word' id='word_1_246' title='bbox 1052 3637 1085 3688; x_wconf 81' lang='lat' dir='ltr'>A.</span> <span class='ocrx_word' id='word_1_247' title='bbox 1094 3639 1191 3702; x_wconf 78' lang='lat' dir='ltr'>Gatrio,</span> 
     </span>
     <span class='ocr_line' id='line_1_32' title="bbox 191 3717 950 3780; baseline -0.005 -12"><span class='ocrx_word' id='word_1_248' title='bbox 191 3721 238 3768; x_wconf 88' lang='lat' dir='ltr'>Die</span> <span class='ocrx_word' id='word_1_249' title='bbox 249 3719 323 3767; x_wconf 82' lang='lat' dir='ltr'>Abter‘</span> <span class='ocrx_word' id='word_1_250' title='bbox 331 3717 450 3766; x_wconf 82' lang='lat' dir='ltr'>Murbacb</span> <span class='ocrx_word' id='word_1_251' title='bbox 464 3720 489 3766; x_wconf 89' lang='lat' dir='ltr'>in</span> <span class='ocrx_word' id='word_1_252' title='bbox 500 3719 596 3768; x_wconf 85' lang='lat' dir='ltr'>Eisass.</span> <span class='ocrx_word' id='word_1_253' title='bbox 632 3719 770 3780; x_wconf 85' lang='lat' dir='ltr'>Strasburg</span> <span class='ocrx_word' id='word_1_254' title='bbox 781 3720 796 3767; x_wconf 82' lang='lat' dir='ltr'>i,</span> <span class='ocrx_word' id='word_1_255' title='bbox 811 3718 864 3766; x_wconf 86' lang='lat' dir='ltr'>Els.</span> <span class='ocrx_word' id='word_1_256' title='bbox 880 3718 950 3776; x_wconf 83' lang='lat'><strong>1895.</strong></span> 
     </span>
     <span class='ocr_line' id='line_1_33' title="bbox 669 3815 712 3848; baseline -0.047 0"><span class='ocrx_word' id='word_1_257' title='bbox 669 3815 712 3848; x_wconf 86' lang='lat' dir='ltr'>vrn</span> 
     </span>
    </p>
   </div>
   <div class='ocr_carea' id='block_1_5' title="bbox 0 0 1410 4350">
    <p class='ocr_par' dir='ltr' id='par_1_7' title="bbox 0 0 1410 4350">
     <span class='ocr_line' id='line_1_34' title="bbox 0 0 1410 4350; baseline 0 0"><span class='ocrx_word' id='word_1_258' title='bbox 0 0 1410 4350; x_wconf 95' lang='lat' dir='ltr'> </span> 
     </span>
    </p>
   </div>
  </div>
 </body>
</html>
