2810 4350
536 337 860 396 PROLEGOMENA

197 508 390 567 comitabatur
407 505 513 564 mucta's
528 506 560 564 in
578 504 733 583 (suprascr.
746 503 864 582 cintus)
875 505 1061 563 multitudine
1074 505 1106 563 in
1126 523 1197 562 arca

198 615 353 694 (suprascr.
369 610 458 689 atno)
475 614 576 669 domm
588 631 657 669 suae
669 613 780 670 cultello
792 622 946 687 parnassus
959 614 996 684 A,
1011 613 1093 670 unde
1113 611 1198 688 quasi

197 719 291 780 oculis
310 717 450 794 ingeritur
463 716 558 793 qualis
573 715 659 776 fuerit
679 716 705 776 is
723 719 820 776 codex
837 737 928 794 quem
942 721 1010 777 Am
1026 717 1199 777 transcribe-

197 828 256 898 bat,
276 822 416 884 uidelicet
436 825 515 882 lectu
536 823 578 882 ita
598 821 725 883 difficilis
746 835 779 882 ut
800 823 958 882 maximam
979 823 1197 884 dubitationem

196 931 253 1010 ipsi
273 929 408 1003 mouerit,
430 929 518 990 nobis
539 928 685 988 incertum
701 929 850 1006 reliquerit
870 929 944 1006 quid
962 930 1094 989 Velleius
1115 932 1199 988 uolu-

195 1039 270 1111 erit;
290 1057 360 1096 nam
374 1037 457 1112 quod
476 1039 500 1094 P
516 1037 568 1095 dat
585 1056 659 1111 quae
676 1056 740 1094 eum
758 1056 780 1095 s.
800 1037 992 1095 comitabatur
1008 1056 1071 1095 non
1089 1035 1198 1095 certius

195 1157 240 1204 est
259 1163 350 1220 quarn
368 1162 496 1218 sequens
516 1144 602 1214 atrio,
620 1162 690 1200 cum
711 1141 840 1218 potuerit
860 1145 896 1200 V.
919 1161 982 1201 non
1001 1142 1100 1201 minus
1119 1142 1197 1201 bene

194 1249 321 1310 scribere
334 1268 408 1324 quae
422 1255 483 1304 tum
496 1267 560 1305 eum
573 1267 595 1306 s.
610 1248 808 1320 comitabatur,
824 1257 862 1318 et,
877 1247 961 1323 quod
975 1246 1101 1305 restituit
1115 1247 1198 1306 Orel-

193 1355 258 1427 lius,
270 1375 348 1412 area.
380 1373 425 1430 31.
441 1373 457 1412 a
473 1372 559 1428 usque
569 1355 612 1410 ad
622 1353 889 1428 quinquagesimam
901 1353 1062 1410 miliarium
1077 1353 1196 1410 amari·

193 1463 271 1537 quod
277 1461 286 1493 ¹
303 1450 332 1520 C
343 1471 419 1536 pane
432 1461 520 1518 totaias
536 1459 618 1517 athis
633 1466 780 1517 terrarum
799 1460 877 1517 orbis
889 1460 1042 1534 impen'um
1061 1460 1118 1516 uni
1131 1459 1198 1516 uim

193 1567 374 1643 deserebatur
387 1568 424 1638 A,
443 1576 474 1623 at
493 1568 518 1623 P
535 1585 555 1622 a
573 1566 654 1623 man'
668 1584 726 1640 quo
744 1572 861 1623 sanatus
876 1567 939 1624 Cos.
951 1574 1024 1640 pene
1042 1566 1129 1624 tatius
1143 1571 1196 1622 tar·

194 1692 298 1730 rarum
309 1672 392 1730 orbis.
436 1669 520 1728 Hinc
533 1669 654 1746 colligas
669 1669 700 1728 in
716 1671 877 1746 archetypo
891 1669 982 1729 fuisse
996 1671 1102 1742 aman',
1115 1689 1196 1747 prae

193 1777 342 1855 positione
359 1797 378 1836 a
399 1796 470 1836 casu
490 1795 545 1836 suo
564 1795 626 1835 non
646 1775 793 1852 dirempta
802 1798 811 1850 ;
839 1784 955 1834 senatus
973 1796 1036 1835 non
1050 1776 1093 1836 sic
1106 1778 1195 1852 plene

193 1884 344 1960 scriptum,
356 1884 410 1943 sed
424 1903 477 1960 per
488 1902 578 1941 unam
596 1882 732 1955 litteram,
748 1902 825 1959 quae
839 1883 998 1942 obscurata
1017 1893 1101 1959 parte
1115 1882 1161 1942 sui
1174 1885 1198 1940 d

193 1989 292 2066 potius
306 1989 401 2048 uideri
421 1999 543 2066 posset,
563 1989 708 2047 conmlto’
728 1990 812 2066 quod
830 1988 925 2048 edidit
944 1990 1119 2061 Rhenanus,
1142 2009 1196 2065 per

197 2097 252 2156 Cos
260 2096 308 2155 uel
325 2084 353 2156 C
363 2119 369 2154 :
392 2094 522 2171 denique
532 2094 606 2154 illud
618 2094 836 2154 dubitationem
850 2094 981 2154 mouisse
992 2095 1194 2156 Amerbachio

192 2203 271 2261 orbis
284 2209 432 2260 terrarum
446 2221 485 2260 an
503 2209 651 2259 terrarum
670 2202 747 2260 orbis
760 2201 859 2277 potius
878 2213 956 2260 esset
975 2200 1006 2259 in
1023 2203 1193 2278 archetypo.

195 2326 210 2386 5
216 2325 241 2385 5.
262 2329 274 2366 1
295 2310 407 2368 Caesar
425 2309 457 2366 in
474 2313 627 2383 peruectus
648 2309 681 2366 ia
708 2307 843 2382 Africam
864 2315 894 2364 et
911 2328 1000 2382 quam
1023 2309 1199 2385 Pompeiani

192 2415 357 2474 abtt'rtebant
381 2416 527 2472 exercitus.
569 2413 621 2473 Ibi
639 2416 676 2486 A,
702 2414 784 2472 unde
804 2412 883 2472 facili
903 2412 1074 2472 coniectura
1095 2413 1194 2473 elicias

196 2522 306 2581 Caesar
324 2530 358 2578 ut
371 2527 522 2596 pentomis
535 2520 568 2577 ia
581 2518 650 2594 Afr.
667 2528 720 2590 est,
737 2539 825 2594 quam
840 2520 1015 2594 Pompeaani
1031 2521 1196 2578 obtinebant

189 2627 336 2699 exercitus,
351 2627 398 2685 ibt.
429 2627 470 2684 At
492 2628 515 2684 P
533 2623 651 2684 omissis
664 2626 706 2697 ia,
721 2631 750 2682 et
761 2625 860 2683 locum
878 2624 921 2683 sic
942 2623 1063 2684 exhibet
1085 2628 1196 2687 Caesar

185 2740 335 2809 peruectus
363 2733 395 2790 in
415 2731 484 2807 Ast.
510 2751 598 2806 quam
621 2732 658 2791 P.
683 2749 706 2788 a.
731 2750 752 2788 e.
779 2731 826 2788 ibi.
879 2731 938 2790 Sed
968 2751 1004 2790 ex
1031 2734 1192 2810 archetypo

188 2838 319 2899 abfuisse
335 2840 376 2911 in,
394 2846 423 2897 et
441 2837 507 2915 quis
526 2839 649 2897 credat?
684 2836 833 2896 Nimirum
852 2838 1012 2912 emendata
1032 2850 1102 2898 sunt
1115 2860 1193 2916 quae

190 2950 214 3005 P
229 2946 329 3006 dedit:
350 2965 421 3005 uere
440 2946 600 3005 emendata
620 2964 683 3003 non
704 2942 794 3003 dedit
841 2947 886 3020 76.
902 2965 922 3018 4
928 2946 1088 3021 proximus
1100 2966 1120 3003 a
1137 2949 1193 3008 Cn.

125 3098 129 3102 -
189 3060 324 3137 Pompeio
336 3061 450 3136 ipsaque
467 3059 590 3118 Caesare
607 3076 644 3115 ex
656 3058 796 3132 sequestn'
811 3059 923 3117 oraha
944 3045 1069 3120 &m
1082 3066 1194 3118 creatus

222 3215 230 3242 ¹
248 3213 307 3263 Non
320 3221 360 3262 est
371 3230 441 3276 queas,
454 3221 482 3261 ut
493 3213 576 3261 uisum
589 3220 628 3262 est
644 3213 665 3260 F
665 3213 771 3261 echtero
782 3229 788 3261 :
804 3220 933 3275 postrema
945 3215 1038 3277 littera,
1056 3230 1133 3276 quam
1150 3215 1193 3263 ille

187 3313 201 3345 s
221 3295 292 3357 legit,
314 3297 331 3344 d
349 3302 388 3345 est
408 3297 454 3345 sed
473 3311 524 3343 non
543 3295 621 3343 solito
638 3311 710 3342 more
728 3302 850 3356 exarata3
875 3311 933 3344 nam
951 3296 968 3344 b
986 3296 1098 3358 quidem,
1120 3297 1193 3344 cuius

187 3378 300 3440 speciem
317 3379 444 3439 quandam
462 3378 558 3426 hahere
575 3377 631 3426 uisa
647 3384 688 3426 est
706 3377 726 3426 l.
745 3377 914 3440 Schneidero,
935 3378 1084 3440 praeposito
1102 3377 1192 3426 biblio-

187 3462 287 3520 thecae,
301 3460 345 3507 uix
357 3459 453 3522 poterit
464 3475 530 3508 esse.

219 3543 276 3590 ’ln
296 3548 368 3589 textu
390 3542 459 3591 edidi
478 3558 527 3604 quo
544 3541 648 3590 demto:
684 3541 730 3590 sed
754 3542 869 3602 plerique
890 3557 939 3603 quo
960 3547 1062 3590 senam
1083 3541 1193 3590 wasidio

188 3620 376 3683 praetulerunt.

661 3701 722 3748 xviii
