2810 4350
521 317 847 377 PROLEGOMENA

176 493 234 542 aut
269 503 321 560 per
355 485 464 543 formas
498 483 659 543 litterarum
695 483 1003 560 compendiorumque
1033 481 1183 541 scribendi

183 588 309 649 difficilis
323 601 408 650 esset

225 699 307 755 Inter
328 698 403 756 haec
424 696 551 756 maxime
572 697 704 756 notabile
724 697 798 756 illud
819 707 864 755 est
885 697 968 772 quod
993 699 1121 754 Burerus
1145 696 1184 754 ad

182 821 211 878 p.
230 822 274 875 24
295 821 333 878 39
353 804 398 862 ed
419 805 464 862 Pr.
485 803 641 862 adnotauit
656 808 691 862 ‘a
709 802 752 862 sic
771 801 907 862 scribitur
923 805 983 874 cc',
1001 812 1183 878 testaturque

182 907 263 967 idem
280 907 327 966 ‘in
341 908 521 984 quibusdam
540 908 605 968 aliis
623 919 758 968 ueterum
778 907 933 968 codicibus
945 910 952 935 '
966 907 1100 966 inueniri.
1145 909 1183 966 Id
1257 921 1260 930 ’

183 1032 273 1089 quam
283 1034 387 1073 uerum
398 1014 435 1074 sit
446 1035 527 1074 nunc
541 1016 672 1088 demum,
688 1014 776 1074 editis
790 1035 843 1090 per
856 1024 950 1073 artem
958 1012 1182 1090 phototypicam

183 1129 227 1179 tot
255 1130 389 1179 ueterum
418 1123 496 1180 MSS
524 1120 663 1181 codicum
695 1119 1085 1198 imaginibus—Chatelaini
1107 1139 1185 1196 opus

183 1224 323 1285 eximium
347 1226 487 1287 omnibus
509 1227 540 1286 in
564 1238 704 1304 promptu
729 1247 794 1286 esse
816 1225 1183 1302 confido—cognouimus.

185 1333 229 1390 Ex
247 1331 294 1392 his
311 1343 427 1394 constat
440 1354 459 1391 o
473 1333 626 1409 apertiore,
647 1353 737 1410 quam
755 1333 867 1406 dicunt,
883 1334 978 1392 forma
996 1353 1048 1409 per
1063 1353 1092 1405 a,
1107 1352 1186 1409 quae

185 1458 246 1497 non
265 1440 352 1515 longe
372 1438 518 1515 discrepat
536 1460 555 1498 a
572 1459 606 1512 cc,
627 1439 658 1498 in
678 1441 755 1498 MSS
780 1439 1005 1515 antiquioribus,
1027 1438 1185 1514 praecipue

184 1564 259 1604 saec.
281 1544 390 1618 viii-xi,
415 1546 542 1605 effictam
566 1545 657 1605 fuisse
682 1544 871 1624 (Thompson
898 1547 991 1606 Greek
1012 1548 1076 1604 aad
1092 1546 1201 1607 Latin.

184 1653 405 1728 Palaeograplty
423 1671 451 1728 p.
477 1673 491 1710 2
496 1655 542 1729 58,
562 1655 640 1712 Prou
659 1655 789 1712 Manucl
798 1655 831 1711 de
847 1653 1057 1728 Paltograplcic
1070 1672 1119 1728 pp.
1138 1654 1184 1726 76,

185 1760 232 1829 80,
253 1778 300 1834 93,
324 1760 367 1817 H.
390 1759 519 1817 Schenkl
542 1779 577 1816 zu
601 1760 739 1819 Grattius
759 1760 823 1817 und
840 1761 965 1817 anderen
986 1760 1185 1818 Loteimiclun

184 1864 327 1923 Dr'cntern
346 1883 374 1940 p.
394 1862 474 1942 415).
519 1863 619 1923 Huius
637 1864 789 1940 specimen
803 1865 1070 1924 luculentissimum
1092 1863 1186 1924 edidit

186 1973 264 2029 Prou
288 1970 346 2029 tab.
371 1969 408 2042 iv,
431 1989 459 2046 p.
485 1988 530 2046 79.
574 1970 657 2030 Hinc
682 1970 800 2030 uidetur
820 1971 1029 2048 explicandum
1050 1971 1082 2030 id
1103 1972 1186 2047 quod

186 2075 401 2135 Amerbachius
416 2075 541 2136 deditii.
560 2098 584 2135 2.
605 2097 617 2134 1
631 2079 797 2153 granarius,
814 2097 882 2136 cum
897 2077 977 2154 prius
988 2079 1127 2154 gracchus
1140 2097 1187 2135 ex·

185 2191 295 2240 arasset
314 2183 366 2240 sed
386 2180 544 2240 deleuisset
563 2180 691 2241 incertus
711 2181 878 2258 scripturae.
923 2184 1037 2257 Rursus
1057 2181 1117 2241 sic¹
1132 2201 1186 2257 pro

186 2288 232 2345 lic'c
248 2307 267 2344 a
287 2294 350 2363 toga
372 2288 458 2346 uirili
476 2289 610 2346 adsuetus
627 2289 790 2346 commilitio
806 2289 916 2346 factum
935 2298 979 2347 est
998 2287 1028 2346 in
1043 2291 1096 2346 ΑΡ
1117 2288 1189 2346 hicce

187 2401 251 2468 toga
271 2389 348 2470 (cogn
363 2391 404 2471 A)
424 2413 451 2452 u.
475 2414 502 2452 a.
525 2413 545 2451 c.
601 2396 639 2452 Et
660 2395 719 2453 hoc
740 2393 862 2470 quidem
884 2395 952 2453 loco
973 2393 1037 2470 ipsc
1059 2396 1187 2453 Burerus

187 2509 309 2558 testatus
324 2509 368 2558 est
382 2499 427 2557 hic
440 2520 458 2556 n
473 2507 537 2576 toga
552 2499 628 2558 sein
645 2499 836 2559 Murbacensi
850 2499 962 2575 legisse.

228 2605 379 2666 Confusae
398 2616 466 2664 sunt
484 2625 505 2678 c,
523 2625 537 2664 e
557 2604 585 2663 ii.
611 2623 635 2680 7.
661 2626 677 2681 3
697 2605 749 2664 ubi
766 2626 835 2664 sane
849 2613 910 2663 tum
926 2607 1141 2667 Amerbachius
1156 2607 1187 2666 in

187 2719 316 2770 sanctum
331 2709 454 2770 correxit
464 2732 473 2784 ‚·
493 2731 591 2770 rursus
607 2731 634 2783 u,
652 2730 669 2769 o
687 2710 715 2769 ii.
738 2731 781 2786 19.
805 2732 817 2769 1
839 2718 984 2770 contractu
999 2714 1034 2785 A,
1055 2733 1109 2790 pro
1128 2733 1188 2773 con-

188 2826 296 2892 tracto;
317 2816 345 2876 ii.
362 2834 398 2894 45
415 2817 463 2875 fin.
481 2814 569 2892 effuso
585 2819 620 2889 A,
636 2816 768 2876 Velleius
782 2817 890 2892 effusa3
911 2838 947 2890 m,
964 2820 1003 2891 in,
1020 2822 1055 2878 ni
1070 2820 1087 2879 i.
1109 2841 1151 2894 14.
1172 2838 1186 2894 7

181 2925 322 3000 paestuni
341 2942 482 2999 suprascr.
498 2929 633 2998 paesium
650 2925 686 2994 A,
702 2920 719 2980 i.
740 2943 766 2998 9.
790 2943 804 2980 2
821 2924 966 2999 primores
984 2930 1019 3000 A,
1035 2929 1189 3003 proniores

189 3030 320 3089 Velleius
330 3052 339 3103 ;
366 3049 420 3102 rm,
447 3049 487 3086 nn
511 3027 528 3086 i.
557 3045 600 3105 13.
628 3048 640 3086 1
664 3026 717 3087 ubi
737 3029 829 3086 arenis
849 3027 929 3104 prius
951 3031 1065 3108 scripsit
1086 3037 1189 3092 Amer-

189 3134 321 3208 bachiuS,
337 3155 406 3194 mox
420 3135 519 3193 deleto
534 3153 570 3193 eo
585 3134 678 3191 onnc's.

231 3262 259 3313 n,
284 3243 315 3300 ri
336 3241 364 3301 ii.
391 3258 438 3318 45.
465 3260 481 3317 3
505 3241 623 3298 interita
647 3241 683 3311 A,
708 3240 819 3297 intentu
837 3240 968 3302 Velleius
979 3266 987 3316 3
1012 3266 1039 3318 n,
1062 3247 1088 3304 u·
1104 3263 1148 3323 75.
1171 3267 1185 3304 2

189 3349 341 3424 expectatis
349 3367 489 3424 suprascr.
500 3353 648 3423 expectans
657 3347 693 3418 A,
703 3346 869 3422 exspectatas
876 3347 1008 3410 Velleius
1018 3373 1026 3425 ς
1044 3372 1071 3424 n,
1082 3373 1101 3410 r
1111 3355 1157 3428 96.
1170 3371 1187 3428 3

189 3454 408 3513 Pannom'orum
444 3472 585 3530 suprascr.
621 3452 856 3512 Pannonicorum
892 3454 928 3526 A,
964 3457 1187 3517 Pannom'orum

191 3558 322 3620 Velleius
333 3580 341 3632 ;
364 3561 392 3631 d,
415 3561 432 3616 b
452 3558 480 3617 ii.
506 3580 522 3617 2
544 3560 593 3617 fin.
617 3559 772 3634 adrogauit
791 3559 820 3616 A
838 3567 868 3616 ct
885 3561 1021 3635 Burerus,
1037 3564 1192 3640 abrogauit

387 3711 394 3740 ¹
414 3713 477 3762 Nam
490 3729 523 3761 ex
535 3714 572 3761 hm
582 3730 597 3761 o
608 3719 665 3775 toga
677 3711 771 3760 sactum
783 3718 823 3760 est
833 3712 871 3758 hr'c
881 3728 904 3760 ec
914 3717 976 3777 toga.

671 3817 708 3848 xx
