3050 4350
74 590 75 597 r

49 607 108 632 „

602 345 756 404 VELLEI
778 344 1019 404 PATERCVLI

312 511 500 573 clementiam
528 511 667 572 uinceret.
719 531 817 588 neque
844 511 979 588 reperias,
1009 529 1084 587 quos
1111 521 1162 570 aut
1189 509 1311 588 pronior

310 611 428 670 fortuna
450 609 590 669 comitata
610 609 647 668 sit
667 619 718 668 aut
739 609 832 668 ueluti
851 608 970 685 fatigata
989 608 1131 668 maturius
1145 608 1309 669 destituerit

311 726 401 784 quarn
416 709 541 766 Brutum
556 717 585 766 et
600 704 744 768 Cassium.

189 790 192 794 ⁴
256 807 297 870 70
351 807 431 863 Tum
455 805 564 866 Caesar
585 814 615 862 et
637 803 786 863 Antonius
808 801 984 863 traiecerunt
1002 802 1145 863 exercitus
1164 801 1194 862 in
1210 805 1310 862 Mace-

310 901 433 962 doniam
455 912 484 961 et
504 902 585 977 apud
602 901 706 960 urbem
720 899 874 977 Philippos
889 921 957 959 cum
973 903 1015 959 M.
1030 903 1123 960 Bruto
1145 899 1309 977 Cassioque
1323 923 1336 970 5

309 999 372 1058 acie
398 1009 615 1058 concurrerunt.
658 1018 759 1071 comu‚
793 997 841 1057 cui
871 1000 978 1057 Brutus
1006 1009 1146 1074 praeerat,
1175 997 1309 1074 impulsis

310 1095 444 1156 hostibus
470 1106 563 1155 castra
587 1095 721 1156 Caesaris
746 1095 824 1172 cepit
852 1094 935 1174 (narn
962 1095 1026 1172 ipse
1051 1097 1167 1167 Caesar,
1194 1095 1309 1155 etiarnsi

309 1192 524 1252 infirmissimus
547 1191 718 1253 ualetudine
740 1204 809 1265 erat,
836 1191 939 1252 obibat
963 1191 1065 1251 munia
1089 1191 1183 1265 ducis,
1209 1203 1308 1252 oratus

309 1290 398 1351 etiam
412 1291 451 1350 ab
465 1289 584 1350 Artorio
598 1289 724 1363 medico,
739 1310 778 1349 ne
793 1289 823 1348 in
843 1288 944 1349 castris
965 1301 1137 1362 remaneret,
1153 1289 1309 1349 manifesta

308 1386 534 1448 denuntiatione
562 1385 668 1463 quietis
696 1385 817 1465 territo),
842 1386 873 1447 id
901 1397 1009 1459 autern,
1038 1385 1069 1445 in
1098 1377 1159 1462 quo
1187 1386 1308 1447 Cassius
1325 1413 1354 1445 10

308 1486 411 1558 fuerat,
435 1486 568 1560 fugatum
590 1504 626 1543 ac
649 1485 726 1543 male
748 1486 911 1543 mulcatum
934 1483 964 1542 in
987 1483 1090 1544 altiora
1110 1504 1138 1542 se
1159 1495 1308 1560 receperat

282 1584 382 1642 2loca.
426 1593 489 1640 turn
511 1580 631 1643 Cassius
652 1601 688 1639 ex
709 1600 762 1640 sua
781 1583 899 1640 fortuna
920 1592 1061 1640 euentum
1081 1582 1210 1657 collegae
1224 1580 1309 1640 aesti-

309 1698 402 1751 manS,
423 1699 491 1737 cum
514 1677 673 1738 dimisisset
694 1689 851 1738 euocatum
873 1677 1063 1754 iussissetque
1084 1677 1220 1737 nuntiare
1241 1677 1306 1750 sibi,

309 1795 385 1852 quae
400 1785 477 1834 esset
492 1773 650 1835 multitudo
669 1795 705 1834 ac
724 1774 769 1834 uis
791 1775 956 1847 hominum,
973 1795 1049 1851 quae
1063 1776 1102 1835 ad
1117 1795 1148 1834 se
1163 1777 1306 1848 tenderet,

309 1871 419 1931 tardius
442 1891 478 1931 eo
501 1871 664 1944 nuntiante,
681 1892 749 1931 curn
772 1871 803 1930 in
825 1871 928 1932 uicino
949 1883 1026 1931 esset
1045 1891 1150 1948 agmen
1167 1892 1254 1932 cursu
1268 1874 1307 1932 ad
1325 1889 1353 1937 ¹5

308 1990 377 2030 eum
400 1969 586 2030 tendentium
611 1989 708 2046 neque
732 1972 855 2046 puluere
879 1969 968 2029 facies
993 1981 1044 2029 aut
1066 1969 1149 2046 signa
1173 1969 1307 2030 denotari

307 2077 436 2144 possent,
453 2065 622 2126 existimans
636 2068 736 2126 hostes
757 2087 830 2139 esse,
846 2065 898 2142 qui
914 2065 1071 2139 inruerent,
1087 2068 1204 2126 lacerna
1218 2080 1307 2144 caput

307 2163 502 2224 circumdedit
525 2174 733 2240 extentumque
756 2163 901 2223 ceruicem
926 2163 1074 2223 interritus
1096 2163 1202 2223 liberto
1226 2184 1307 2240 prae-

279 2261 378 2326 abuit.
433 2261 583 2321 deciderat
608 2260 693 2322 Cassi
717 2272 814 2337 caput,
835 2282 904 2321 cum
927 2264 1068 2320 euocatus
1089 2261 1212 2321 aduenit
1233 2282 1307 2322 nun-

306 2358 382 2418 tians
408 2361 532 2418 Brutum
561 2378 625 2418 esse
649 2357 800 2418 uictorem.
845 2357 896 2434 qui
921 2379 989 2418 curn
1011 2357 1219 2435 imperatorem
1241 2379 1306 2435 pro
1322 2380 1352 2412 πο

306 2465 429 2514 stratum
457 2454 579 2528 uideret,
604 2473 718 2530 sequar,
744 2454 848 2531 inquit,
875 2475 952 2528 eum,
982 2475 1072 2532 quern
1101 2475 1168 2514 mea
1195 2455 1306 2538 occidit

277 2551 435 2628 4tarditas,
462 2564 491 2611 et
514 2551 554 2611 ita
578 2551 609 2610 in
633 2551 764 2628 gladium
787 2551 930 2612 incubuit.
973 2563 1041 2629 post
1062 2572 1174 2629 paucos
1195 2552 1305 2614 deinde

307 2649 370 2710 dies
393 2652 500 2709 Brutus
522 2649 653 2710 conflixit
674 2669 743 2709 cum
767 2649 903 2710 hostibus
928 2661 957 2710 et
980 2649 1076 2710 uictus
1097 2650 1161 2710 acie
1184 2671 1253 2710 cum
1275 2651 1305 2710 in

215 2821 218 2842 Ι
307 2748 454 2806 tumulum
472 2758 560 2806 nocte
581 2766 617 2806 ex
635 2749 704 2822 fuga
722 2767 754 2806 se
773 2746 938 2824 recepisset,
954 2746 1122 2824 impetrauit
1138 2768 1156 2807 a
1170 2750 1306 2809 Stratone

307 2847 446 2921 Aegeate,
471 2843 605 2903 familiari
633 2864 696 2917 suo,
722 2854 755 2903 ut
782 2865 904 2904 manum
932 2845 1074 2905 morituro
1102 2848 1306 2906 commodaret
1322 2872 1350 2920 25

280 2942 383 3016 asini,
403 2941 572 3019 reiectoque
587 2945 673 3002 laeuo
687 2961 775 3018 super
794 2954 882 3019 caput
901 2942 1031 3016 brachio,
1048 2963 1116 3002 cum
1132 2964 1305 3004 mucronem

307 3039 398 3116 gladii
412 3039 475 3099 eius
497 3042 616 3100 dextera
635 3051 739 3098 tenens
758 3038 891 3099 sinistrae
909 3040 1091 3101 admouisset
1106 3040 1253 3101 mamillae
1266 3043 1306 3102 ad

342 3198 359 3243 6
373 3203 408 3258 lp.
420 3196 446 3243 A
458 3214 464 3245 ε
482 3197 540 3258 imp.
554 3195 580 3243 P
661 3213 677 3257 9
695 3196 830 3245 manifesta
843 3196 979 3246 Heinsius:
997 3198 1130 3246 manifeste
1141 3197 1210 3246 AP:
1227 3200 1306 3246 mani·

310 3260 390 3310 festae
402 3263 585 3310 Vascosanuset
593 3262 669 3310 Orelli
728 3277 755 3308 11
770 3262 965 3311 mulctatumA:
982 3263 1114 3311 multatum
1123 3262 1157 3313 P:
1170 3265 1306 3312 mulcatum

315 3328 419 3374 Vrsinus
515 3343 544 3374 se
563 3326 618 3375 add.
642 3326 753 3375 Gelenius
845 3343 874 3388 13
892 3329 1014 3376 nunciare
1031 3327 1071 3376 Pr
1100 3329 1214 3377 nunciari
1232 3329 1258 3376 A
1281 3336 1308 3377 ut

313 3391 417 3440 Cludius
427 3408 456 3439 ex
465 3393 524 3440 coni.
537 3393 661 3454 smpsemt
761 3407 790 3452 14
807 3391 927 3441 tenderet
937 3393 973 3456 A,
986 3394 1030 3441 sed
1038 3405 1056 3412 ·
1062 3399 1121 3456 post
1130 3410 1198 3441 eraso
1278 3411 1306 3458 17

312 3456 394 3505 inr.A
463 3458 493 3504 18
505 3456 640 3519 prebuitA
709 3474 740 3517 19
757 3459 838 3508 Cassii
849 3457 903 3505 ΑΡ
966 3459 1171 3507 saincubuitP:
1188 3461 1308 3510 occubuit

311 3523 337 3569 A
363 3526 391 3569 ut
411 3537 441 3569 ex
461 3523 520 3570 tuni.
543 3524 668 3584 sumpserat
685 3524 780 3570 amitus
802 3523 881 3571 Vossii
982 3540 1013 3584 24
1031 3525 1156 3573 tumulum
1180 3524 1307 3576 Gelmius:

311 3586 446 3636 tumultum
457 3587 512 3635 ΑΡ
580 3589 715 3649 imperauit
726 3589 864 3637 Astratone
879 3590 1046 3651 AegeataeA
1121 3592 1154 3638 26
1169 3591 1306 3652 sibiqueA

311 3653 355 3700 sed
368 3651 507 3766 deimbque
590 3668 621 3714 27
639 3654 765 3702 mamillae
780 3654 807 3701 A
827 3660 889 3718 recte,
902 3656 931 3717 cs.
944 3656 1046 3706 Luciam.
1059 3655 1095 3703 ad
1108 3655 1201 3704 Lucret.
1215 3657 1229 3705 i.
1242 3659 1308 3717 360:

311 3719 420 3766 mamila

791 3828 825 3879 86
