3050 4350
578 333 733 392 VELLEI
756 332 997 394 PATERCVLI

286 499 369 560 inicit
396 512 426 561 et
453 500 616 578 quamlibet
643 500 832 560 festinantem
859 500 890 559 in
918 520 951 560 se
977 498 1085 561 morari
1108 498 1195 576 cogit
1237 496 1287 557 hic

287 597 472 658 nobilissima
493 598 637 658 Iuliorum
656 598 773 676 genitus
795 597 906 658 familia
928 610 966 672 et,
986 599 1069 676 quod
1091 597 1167 658 inter
1188 595 1286 656 omnis

286 695 535 774 tantiquissimos
566 696 729 769 constabat,
758 696 798 755 ab
825 695 957 756 Anchise
984 715 1019 754 ac
1047 697 1164 755 Venere
1195 695 1286 754 dedu-

287 812 358 853 cens
374 813 477 870 genus,
492 795 587 855 forma
609 793 744 855 omnium
767 793 878 853 ciuium
898 792 1169 865 excellentissimus,
1185 791 1286 868 uigore

236 939 239 946 .
286 890 379 950 animi
406 891 573 965 acerrimus,
605 891 808 951 munificentia
839 891 1040 965 effusissimuS,
1069 890 1170 968 animo
1197 908 1313 966 super5

287 991 449 1049 humanam
468 1001 498 1050 et
516 1001 651 1050 naturam
666 1001 695 1051 et
709 991 800 1049 fidem
815 1001 945 1063 euectus,
961 989 1165 1066 magnitudine
1179 987 1286 1064 cogita-

286 1086 412 1161 tionum,
437 1087 585 1148 celeritate
613 1087 752 1160 bellandi,
777 1086 920 1164 patientia
945 1086 1143 1163 periculorum
1173 1087 1285 1161 Magno

261 1184 329 1250 2illi
349 1187 528 1259 Alexandro,
550 1188 604 1246 sed
627 1184 726 1246 sobrio
749 1205 847 1263 neque
868 1184 1012 1245 iracundo
1034 1183 1209 1256 simillimus,
1234 1182 1286 1260 qui

288 1281 418 1359 denique
432 1302 549 1359 semper
567 1293 597 1343 et
616 1282 685 1343 cibo
704 1294 734 1342 et
752 1301 860 1342 somno
879 1281 911 1340 in
929 1281 1030 1355 uitam,
1046 1301 1108 1341 non
1129 1280 1161 1340 in
1184 1281 1287 1356 uolup

287 1390 378 1438 tatem
400 1390 537 1452 uteretur,
557 1399 626 1439 cum
649 1378 751 1439 fuisset
773 1380 807 1441 C.
827 1377 924 1438 Mario
946 1378 1089 1456 sanguine
1109 1376 1287 1458 coniunctis·
1302 1393 1334 1428 10

288 1476 379 1536 simus
393 1487 484 1554 atque
500 1476 581 1537 idem
601 1476 717 1538 Cinnae
735 1496 833 1554 gener,
849 1476 933 1536 cuius
954 1476 1045 1536 filiam
1066 1487 1099 1536 ut
1119 1475 1287 1553 repudiaret

287 1575 370 1633 nullo
385 1585 465 1634 metu
480 1573 619 1650 compelli
633 1573 738 1651 potuit,
750 1593 820 1632 cum
831 1576 874 1633 M.
886 1573 955 1634 Piso
970 1573 1131 1633 consularis
1145 1572 1285 1646 Anniam,

288 1691 364 1748 quae
399 1671 515 1732 Cinnae
545 1691 618 1732 uxor
644 1672 747 1744 fuerat,
776 1670 807 1730 in
835 1672 933 1731 Sullae
961 1671 1120 1732 dimisisset
1154 1670 1285 1748 gratiam,

287 1767 499 1846 habuissetque
517 1771 578 1830 fere
597 1787 677 1828 xv111
696 1789 792 1830 annos
810 1789 847 1829 eo
861 1779 1002 1846 tempore,
1019 1789 1079 1846 quo
1094 1771 1175 1830 Sulla
1189 1789 1285 1828 rerum

287 1865 398 1942 potitus
420 1877 472 1940 est,
495 1867 588 1944 magis
610 1866 758 1927 ministris·
772 1869 871 1927 Sullae
892 1866 1137 1944 adiutoribusque
1158 1866 1330 1944 partium15

195 2045 196 2050 η
288 1983 378 2040 quam
401 1963 466 2040 ipso
494 1963 738 2042 conquirentibus
766 1984 835 2024 eum
862 1965 902 2023 ad
930 1984 1035 2024 necem
1062 1976 1176 2024 mutata
1202 1977 1286 2025 ueste

288 2060 522 2139 dissimilemque
544 2064 679 2122 fortunae
701 2080 772 2122 suae
794 2061 916 2122 indutus
940 2061 1076 2123 habitum
1100 2074 1189 2122 nocte
1213 2063 1286 2122 urbe

261 2161 405 2236 ‚relapsus
428 2171 480 2219 est.
523 2158 604 2220 idem
623 2170 727 2235 postea
745 2160 911 2218 admodum
930 2157 1055 2232 iuuenis,
1071 2179 1141 2219 cum
1154 2179 1173 2218 a
1186 2159 1286 2236 piratis

288 2268 391 2333 captus
406 2268 492 2329 esset,
508 2256 549 2316 ita
563 2277 595 2317 se
613 2276 665 2334 per
684 2276 775 2316 omne
794 2255 930 2332 spatium,
946 2275 1007 2333 quo
1029 2256 1068 2316 ab
1087 2256 1133 2316 his
1155 2267 1286 2316 retentus

288 2365 340 2426 est,
366 2356 446 2430 apud
469 2374 521 2414 eos
545 2353 642 2430 gessit,
668 2365 701 2413 ut
723 2353 830 2430 pariter
851 2352 887 2413 iis
914 2353 1015 2414 terrori
1043 2353 1286 2431 uenerationique
1302 2374 1334 2407 ιο

289 2463 374 2525 esset,
390 2471 488 2528 neque
502 2472 645 2528 umquam
660 2462 711 2511 aut
725 2451 775 2511 die
788 2462 840 2511 aut
854 2463 943 2512 nocte
963 2451 1027 2530 (cur
1046 2451 1126 2512 enim
1140 2454 1223 2528 quod
1238 2454 1286 2512 uel

289 2548 450 2609 maximum
472 2560 524 2621 est,
540 2548 565 2608 si
586 2548 694 2608 narrari
715 2547 813 2608 uerbis
835 2547 976 2624 speciosis
997 2569 1059 2608 non
1080 2559 1187 2625 potest,
1203 2547 1287 2608 omit-

288 2658 366 2708 tatur
373 2644 399 2726 Ρ)
420 2658 471 2706 aut
486 2648 700 2706 excalcearetur
722 2656 772 2704 aut
795 2644 1015 2722 discingeretur,
1031 2645 1062 2704 in
1085 2647 1144 2705 hoc
1164 2645 1284 2718 scilicet,

234 2759 235 2764 ’
288 2764 326 2804 ne
347 2742 371 2803 si
393 2744 515 2820 quando
535 2741 647 2819 aliquid
670 2762 706 2801 ex
728 2741 815 2801 solito
838 2741 970 2815 uariaret,
993 2753 1147 2819 suspectus
1169 2742 1213 2816 iis,
1236 2741 1288 2820 qui

220 2860 221 2863 ’
289 2840 382 2902 oculis
396 2842 606 2901 tantummodo
620 2839 922 2921 eumcustodiebant‚
937 2841 1020 2900 soret.
1303 2865 1332 2912 ²5

323 3009 334 3042 1
354 2993 433 3042 inlicit
444 2992 499 3040 ΑΡ
540 2992 680 3054 quamlibet
691 2991 716 3039 A
729 3009 735 3040 ι
752 2993 891 3054 quemlibet
902 2992 942 3042 P:
959 2994 1036 3042 ‘alias
1047 2993 1199 3054 quamlibet’
1209 2995 1292 3043 Burer

289 3076 304 3121 3
321 3059 512 3120 antiquissimos
529 3057 599 3107 AP:
625 3059 693 3106 inter
716 3059 799 3106 omnis
822 3060 955 3107 constabat
972 3059 1149 3120 antiquissima
1172 3061 1289 3124 Lipsius:

289 3124 447 3186 antiquitatis
464 3125 561 3186 peritos
575 3124 663 3173 Orelli:
682 3123 839 3184 antiquitatis
856 3125 986 3172 studiosos
1003 3126 1043 3173 uel
1058 3126 1175 3174 curiosos
1190 3126 1287 3176 Halm:

289 3190 458 3253 peritissimos
469 3189 583 3239 Scriner:
601 3189 785 3237 scientissimos
796 3205 841 3252 ego
853 3187 938 3253 (79.1)
950 3207 957 3238 ε
973 3205 1054 3250 quos.
1067 3226 1072 3236 .
1083 3227 1089 3238 .
1099 3191 1288 3252 antiquissimos

290 3262 391 3305 constat
404 3255 535 3304 Gudeman
546 3272 552 3304 ε
564 3253 695 3303 ‘Velleius
707 3255 815 3314 intelligi
826 3254 929 3303 uidetur
940 3256 1053 3303 uoluisse
1068 3256 1234 3306 “auctores'’
1246 3257 1289 3305 uel

293 3323 308 3350 “
319 3321 457 3382 scriptores
465 3318 496 3342 ’''
508 3321 617 3369 Thomas
670 3333 686 3380 5
698 3320 887 3369 munificentiae
893 3320 953 3381 ΑΡ,
962 3337 1009 3368 em.
1020 3321 1131 3369 Gelenius
1187 3323 1203 3370 8
1220 3323 1289 3370 simi·

286 3387 365 3440 ¹limus
384 3385 410 3433 A
526 3391 586 3448 9et
606 3400 697 3434 somno
716 3393 743 3434 et
761 3385 817 3434 cibo
834 3385 860 3433 P
893 3385 951 3435 Vide
969 3386 1066 3435 Comm.
1088 3386 1145 3435 cut.
1259 3404 1289 3448 13

290 3451 376 3501 Sullae
396 3450 433 3510 A,
451 3467 502 3500 non
525 3452 611 3513 Syllae
711 3466 742 3513 19
758 3466 787 3499 se
808 3466 855 3512 per
873 3451 913 3500 B:
937 3467 1040 3513 semper
1057 3451 1112 3499 ΑΡ
1174 3451 1215 3500 his
1237 3451 1293 3500 ΑΡ

289 3533 322 3566 ao
338 3517 378 3565 his
395 3515 450 3563 ΑΡ
520 3516 644 3576 horroriq.
662 3515 718 3575 det,
739 3515 795 3564 dein
813 3517 905 3565 terrori
921 3518 947 3564 A
1047 3532 1077 3564 21
1096 3523 1139 3565 aut
1155 3524 1231 3566 nocte
1245 3524 1289 3566 aut

290 3584 332 3632 die
343 3582 371 3629 P
465 3597 497 3630 aa
514 3582 634 3644 spetiosis
647 3582 734 3631 uerbis
751 3582 787 3641 Α,
807 3581 852 3631 sed
866 3585 884 3637 β
898 3590 974 3646 super
988 3589 1062 3645 spet,
1081 3599 1097 3630 o
1113 3591 1189 3645 super
1203 3584 1289 3632 uerbis

289 3648 388 3710 additis,
402 3663 452 3710 quo
462 3647 522 3696 ordo
530 3646 689 3697 r'nuertendus
699 3647 879 3712 significantur
952 3663 984 3710 23
1001 3664 1035 3698 ex
1047 3663 1069 3698 c.
1081 3647 1107 3696 A
1191 3664 1222 3711 24
1241 3650 1290 3698 hiis

288 3715 333 3765 A:
350 3714 390 3764 his
408 3713 435 3763 Ρ

778 3826 811 3876 60
