2810 4350
531 419 533 422 -
635 381 764 441 LIBER
786 382 801 440 I

222 549 314 622 illum,
334 548 387 626 qui
405 568 475 609 eum
495 546 603 608 imitari
620 557 729 624 posset,
747 545 887 610 inuentus
906 557 959 606 est.
1001 565 1099 624 neque
1120 565 1221 624 quem-

223 665 314 722 quam
340 644 440 717 alium,
469 643 554 704 cuius
587 642 683 720 operis
716 641 828 720 primus
861 653 964 704 auctor
995 643 1151 717 fueritin
1184 663 1221 703 eo

222 743 470 822 perfectissimum
490 752 605 819 praeter
624 744 793 802 Homerum
816 751 846 800 et
864 741 1078 802 Archilochum
1099 741 1222 818 reperie-

223 862 298 902 mus.
349 839 399 900 hic
426 839 543 916 longius
570 859 588 899 a
615 837 799 916 temporibus
827 837 906 912 belli,
933 841 1015 915 quod
1043 839 1247 917 composuit,3

196 963 210 1011 5
223 939 332 1012 Troici,
348 958 439 1015 quam
454 937 576 1016 quidam
590 948 698 1010 rentur,
714 937 828 1011 abfuit,-
848 957 918 997 nam
932 939 1025 998 ferme
1038 949 1108 999 ante
1127 958 1221 998 annos

224 1055 343 1097 nccccn
361 1034 468 1108 floruit,
484 1034 560 1094 intra
578 1033 659 1094 mille
678 1045 766 1094 natus
784 1045 836 1094 est.
880 1054 941 1111 quo
955 1034 1078 1096 nomine
1096 1056 1158 1096 non
1178 1047 1222 1096 est

224 1134 402 1206 mirandum,
417 1134 500 1211 quod
521 1152 610 1209 saepe
630 1132 705 1192 illud
726 1143 847 1210 usurpat
868 1132 922 1193 οἶοι
940 1138 988 1194 νῦν
1010 1136 1114 1212 βροτοί
1133 1137 1222 1208 dom

224 1235 283 1293 hoc
304 1232 385 1293 enim
405 1242 438 1292 ut
458 1231 625 1304 hominum,
640 1229 681 1291 ita
698 1232 887 1292 saeculorum
908 1242 1027 1292 notatur
1047 1231 1219 1293 differentia.

224 1350 316 1408 quem
345 1330 369 1390 si
397 1329 465 1407 quis
491 1349 615 1390 caecum
645 1328 777 1406 genitum
802 1340 894 1407 putat,
918 1331 1057 1392 omnibus
1086 1331 1221 1392 sensibus

181 1451 211 1486 ιο
224 1430 314 1490 orbus
336 1440 388 1489 est.

265 1524 440 1603 Insequenti
459 1535 594 1602 tempore
612 1523 769 1601 imperium
785 1524 949 1585 Asiaticum
966 1527 1005 1586 ab
1020 1527 1155 1604 Assyriis,
1171 1529 1256 1604 quie

223 1623 255 1683 id
270 1622 461 1684 obtinuerant
473 1621 559 1681 annis
571 1637 670 1693 unxx,
682 1622 856 1682 translatum
871 1633 915 1681 est
929 1623 968 1682 ad
984 1624 1102 1695 Medos,
1112 1623 1222 1682 abhinc

224 1740 319 1780 annos
333 1722 426 1780 ferme
444 1735 578 1778 occuxx.
622 1717 734 1795 quippe
748 1719 982 1795 Sardanapalum
1001 1739 1104 1779 eorum
1123 1739 1222 1796 regem
1238 1745 1249 1776 2

224 1815 356 1876 mollitiis
380 1818 522 1876 fluentem
545 1824 575 1875 et
599 1813 725 1874 nimium
747 1813 865 1874 felicem
889 1817 970 1876 malo
993 1835 1056 1888 suo,
1083 1816 1170 1876 tertio
1194 1829 1223 1876 et

181 1937 210 1986 15
224 1913 373 1984 tricesimo
392 1915 461 1973 loco
481 1913 520 1973 ab
538 1911 620 1972 Nino
639 1923 669 1972 et
689 1911 892 1985 Semiramide,
908 1911 960 1989 qui
982 1913 1135 1990 Babylona
1154 1933 1223 1974 con-

225 2010 371 2084 diderant,
386 2021 499 2082 natum,
514 2009 557 2069 ita
568 2021 603 2068 ut
616 2028 733 2086 semper
747 2029 900 2070 successor
918 2008 1001 2087 regni
1019 2010 1134 2087 paterni
1148 2013 1223 2071 foret

225 2107 311 2181 filius,
327 2107 458 2169 Arbaces
481 2107 591 2166 Medus
612 2105 737 2183 imperio
755 2106 877 2183 uitaque
895 2106 1030 2185 priuauit
1074 2127 1109 2168 ea
1127 2119 1250 2180 aetate3

225 2205 403 2267 clarissimus
413 2205 484 2266 Grai
493 2204 1100 2282 nominisLycurgusLacedaemonius,uir
1108 2208 1222 2284 generis

225 2303 304 2380 regii,
320 2303 376 2364 suit
389 2301 640 2364 seuerissimarum
655 2301 941 2380 iustissimammque
959 2305 1058 2380 legum
1077 2316 1180 2365 auctor
1194 2318 1223 2365 et

183 2419 213 2454 20
226 2400 400 2478 disciplinae
421 2398 720 2462 conuenientissimae
739 2399 817 2474 uiris,
833 2400 918 2460 cuius
938 2420 1029 2477 quam
1048 2400 1100 2461 diu
1120 2404 1224 2478 Sparta

226 2499 351 2576 diligens
375 2499 439 2573 fuit,
464 2498 663 2560 excelsissime
689 2497 795 2558 floruit.
846 2500 905 2559 hoc
933 2509 1027 2559 tractu
1055 2510 1251 2576 temporum4

225 2608 295 2657 ante
313 2617 408 2658 annos
428 2596 560 2674 quinque
579 2607 609 2657 et
628 2596 778 2674 sexaginta
798 2617 889 2673 quam
910 2596 980 2657 urbs
996 2599 1134 2657 Romana
1155 2617 1224 2658 con-

226 2695 352 2767 deretur,
375 2695 414 2754 ab
439 2694 536 2754 Elissa
559 2693 656 2771 Tyria,
683 2713 773 2772 quam
802 2694 924 2771 quidam
948 2694 1030 2755 Dido
1057 2706 1221 2768 autumant,

226 2793 375 2868 Carthago
390 2792 535 2852 conditur.
572 2791 650 2852 circa
663 2793 746 2869 quod
760 2803 879 2869 tempus
890 2794 1032 2866 Caranus,
1049 2792 1094 2853 uir
1107 2793 1222 2870 generis
1238 2819 1250 2866 5

183 2914 211 2962 25
226 2889 306 2966 regii,
322 2894 447 2953 †sextus
469 2889 603 2951 decimus
624 2890 663 2950 ab
679 2893 819 2963 Hercule,
835 2893 984 2968 profectus
999 2890 1085 2966 Argis
1099 2910 1222 2968 regnum

228 2987 426 3048 Macedoniae
454 2988 612 3066 occupauit
624 3011 632 3064 3
666 3009 685 3048 a
711 3008 773 3066 quo
801 2991 930 3066 Magnus
958 2989 1126 3048 Alexander
1154 3008 1236 3061 cum,

226 3085 313 3148 fuerit
334 3086 477 3163 septimus
496 3086 639 3160 decimus,
655 3086 719 3147 iure
739 3086 864 3148 materni
885 3086 1000 3164 generis
1019 3086 1136 3146 Achille
1157 3105 1224 3146 auc-

226 3196 298 3257 tore,
308 3184 423 3262 paterni
438 3187 570 3245 Hercule
584 3184 724 3263 gloriatus
739 3196 790 3246 est.
829 3182 986 3266 [Aemilius
997 3186 1072 3244 Sura
1085 3185 1124 3244 de
1137 3184 1223 3245 annis
1237 3197 1252 3246 6

262 3358 413 3420 1possitP,
423 3374 469 3407 em.
479 3357 566 3405 Aldus
614 3351 777 3406 sfi'c'cEc‘rP
825 3355 940 3419 polet..
955 3391 961 3406 .
975 3356 1165 3420 tlotvsuppleuit
1179 3356 1223 3405 Vr-

226 3442 307 3500 sinus,
316 3439 400 3491 om.P
443 3455 474 3488 12
498 3433 581 3488 ὀῖιῐ
587 3440 627 3487 P:
644 3455 747 3488 uccnxx
756 3438 853 3488 Bemdt
905 3454 934 3500 13
947 3431 1223 3488 ffistnccctxx

226 3506 329 3568 Lipsius
397 3520 426 3568 15
443 3507 590 3555 tricensimo
606 3506 649 3554 B:
665 3505 846 3554 trecentesimo
856 3503 882 3554 P
943 3520 972 3566 17
989 3505 1103 3554 Arbaces
1116 3503 1145 3554 G.
1159 3505 1222 3554 Fab-

227 3573 315 3620 n'cius:
330 3572 477 3620 Pharnaces
486 3571 512 3620 P
587 3587 620 3620 20
636 3572 698 3620 uiris
708 3571 824 3634 Lipsius:
843 3571 931 3619 uirP:
942 3571 1030 3620 uirtuti
1037 3571 1174 3620 Heinstits:
1190 3572 1221 3618 iis

227 3635 328 3686 Smiur
391 3654 422 3699 24
439 3637 556 3686 Taronus
567 3637 599 3698 P,
612 3653 657 3686 em.
673 3637 784 3688 Gelenius
828 3637 869 3686 uir
877 3637 980 3698 generis
992 3637 1056 3698 regii
1068 3636 1111 3686 del.
1123 3637 1223 3699 Lapaus

228 3715 260 3761 25
277 3703 427 3752 undecimus
439 3703 582 3766 Scaligerel
596 3703 731 3766 Wesseling
826 3703 858 3750 28
874 3702 1000 3752 Aemilius
1014 3703 1081 3752 Sura
1093 3739 1099 3753 .
1117 3738 1124 3753 .
1143 3703 1221 3752 .anni

226 3781 379 3881 fficccrtcv
400 3770 458 3819 haec
485 3767 623 3819 abducenda
651 3785 700 3816 esse
723 3768 825 3832 pn'mus
851 3767 916 3816 ur'dr't
939 3769 972 3820 P.
999 3768 1132 3818 Delbenius
1153 3767 1225 3831 apud

282 3850 326 3881 um

721 3927 735 3977 5
