2810 4350
472 346 627 406 VELLEI
650 345 890 407 PATERCVLI

158 516 217 584 sin
228 515 326 593 ipsum
340 514 439 593 potius
453 513 580 575 saeuiret
593 534 684 592 quam
702 513 734 573 in
750 534 813 574 rem
831 513 991 592 publicam
1034 532 1112 590 quae
1125 533 1185 573 uox

187 612 280 674 ueluti
297 614 419 673 oraculo
437 611 546 672 emissa
565 631 674 689 magna
686 622 769 689 parte
787 631 857 671 eum
876 610 1015 689 spoliauit
1033 611 1185 688 sangrnnis

187 711 250 772 sui:
272 731 343 770 nam
356 711 482 770 alterum
496 730 533 770 ex
546 709 616 783 suis,
631 729 707 787 quos
724 709 756 768 in
774 709 886 768 familia
903 709 1070 781 retinuerat,
1085 708 1185 768 liberis

186 820 256 868 ante
276 828 388 885 pauoos
409 807 559 884 triumphi,
582 809 708 868 alterum
728 817 798 885 post
816 807 971 884 pauciores
991 806 1091 866 amisit
1111 807 1183 867 dies.

158 922 290 982 haspera
304 904 382 965 circa
395 907 470 965 haec
484 916 619 982 tempora
631 925 757 965 censura
776 905 863 964 Fului
882 905 982 964 Flacci
995 916 1026 964 et
1039 903 1213 977 Postumii5

188 1001 291 1061 Albini
305 1001 359 1062 fuit
367 993 377 1060 ἐ
398 1001 510 1079 quippe
522 1002 609 1062 Fului
623 1002 753 1063 censoris
767 1004 864 1076 frater,
876 1014 906 1062 et
915 1003 1039 1080 quidem
1053 1023 1184 1075 consors,

188 1101 243 1161 Cn
260 1099 383 1160 Fuluius
397 1111 502 1160 senatu
517 1111 616 1160 motus
630 1111 675 1160 est
688 1100 727 1160 ab
741 1100 777 1160 iis
791 1100 972 1160 censoribus,

97 1183 120 1208 ²
147 1213 175 1255 11
228 1199 300 1258 Post
314 1197 428 1258 uictum
448 1209 629 1275 raptumque
646 1200 764 1271 Persen,
780 1198 833 1276 qui
853 1198 1050 1276 quadriennio
1068 1208 1137 1275 post
1154 1197 1186 1256 in

187 1295 279 1356 libera
299 1294 436 1356 custodia
449 1295 545 1355 Albae
559 1295 694 1369 decessit,
711 1295 982 1373 Pseudophilippus
996 1316 1015 1355 a
1028 1295 1187 1355 mendacio

188 1393 342 1454 simulatae
366 1392 486 1470 originis
510 1395 683 1470 appellatus,
702 1393 755 1470 qui
779 1414 811 1454 se
836 1393 1008 1470 Philippum
1030 1392 1187 1470 regiaeque
1201 1417 1232 1450 ro

188 1490 285 1569 stirpis
312 1491 433 1564 serebat,
456 1511 525 1551 cum
550 1501 628 1551 esset
651 1490 781 1564 ultimae,
805 1491 894 1551 armis
917 1501 1063 1568 occupata
1087 1493 1187 1549 Mace·

188 1588 288 1662 donia,
302 1587 469 1665 adsumptis
489 1588 572 1666 regni
587 1588 761 1666 insignibus,
777 1588 862 1649 breui
882 1588 1053 1649 temeritatis
1074 1607 1187 1665 poenas

163 1686 289 1747 adedit:
311 1685 422 1763 quippe
437 1687 474 1762 Q.
492 1688 633 1747 Metellus
651 1697 776 1764 praetor,
791 1687 840 1747 cui
861 1707 898 1747 ex
918 1687 1026 1746 uirtute
1046 1687 1188 1746 Macedo

190 1783 249 1843 nici
263 1803 375 1844 nomen
388 1783 517 1844 inditum
531 1789 627 1858 †erat,
643 1787 792 1862 praeclara
805 1784 930 1846 uictoria
945 1785 1044 1862 ipsum
1057 1794 1188 1861 gentem-

190 1902 248 1959 que
262 1881 420 1958 superauit,
436 1893 466 1942 et
479 1881 593 1942 inmani
606 1882 695 1942 etiam
709 1885 847 1944 Achaeos
864 1883 1006 1943 rebellare
1019 1881 1188 1958 incipientis
1203 1905 1232 1955 ¹5

163 1977 266 2041 eludit
289 1978 361 2038 acie.
404 1978 454 2039 hic
478 1990 523 2040 est
548 1982 688 2041 Metellus
714 1981 938 2054 Macedonicus,
968 1980 1020 2059 qui
1047 1979 1186 2057 porticus,

191 2096 267 2153 quae
286 2078 405 2136 suerunt
426 2075 626 2138 circumdatae
646 2078 763 2139 duabus
777 2078 903 2139 aedibus
917 2078 982 2139 sine
996 2076 1188 2154 inscriptione

190 2172 302 2250 positis
325 2192 402 2249 quae
423 2194 504 2234 nunc
525 2174 668 2235 Octauiae
689 2175 852 2252 porticibus
872 2174 1052 2249 ambiuntur,
1070 2177 1187 2246 fecerat,

191 2270 303 2348 quique
323 2272 401 2331 hanc
422 2282 549 2331 turmam
567 2283 728 2332 statuarum
750 2273 940 2350 equestrium,
962 2292 1040 2349 quae
1059 2274 1189 2331 frontem

191 2368 311 2429 aedium
346 2379 489 2445 spectant,
519 2369 670 2447 hodieque
698 2369 860 2430 maximum
888 2380 1097 2431 ornamentum
1125 2367 1189 2428 eius
1204 2393 1235 2427 20

162 2465 258 2540 4loci,
282 2485 318 2526 ex
343 2465 524 2526 Macedonia
551 2466 665 2526 detulit.
719 2467 803 2527 cuius
828 2478 942 2528 turmae
966 2469 1044 2526 hanc
1068 2485 1188 2526 oausam

191 2565 328 2636 referunt,
352 2564 498 2640 Magnum
520 2565 722 2624 Alexandrum
741 2563 913 2641 impetrasse
933 2585 952 2624 a
973 2563 1113 2641 Lysippo,
1134 2561 1190 2622 sin-

191 2659 283 2737 gulari
305 2657 409 2719 talium
432 2670 553 2721 auctore
577 2681 710 2739 operum,
733 2672 766 2721 ut
791 2681 894 2722 eorum
917 2661 1059 2738 equitum,
1080 2659 1132 2737 qui
1154 2679 1190 2718 ex

192 2757 284 2835 ipsius
304 2767 406 2816 turma
428 2758 509 2834 apud
531 2758 694 2819 Granicum
716 2761 828 2820 flumen
853 2759 1030 2832 ceciderant,
1054 2777 1191 2835 expressa

192 2853 386 2916 similitudine
405 2855 564 2932 figurarum
585 2858 694 2917 faceret
713 2867 824 2917 statuas
844 2867 874 2917 et
896 2856 988 2934 ipsius
1011 2875 1133 2933 quoque
1154 2854 1189 2914 iis
1205 2882 1234 2933 ²5

164 2953 399 3030 5interponeret.
431 2951 481 3012 hic
499 2951 580 3014 idem
601 2953 713 3032 primus
731 2953 867 3014 omnium
888 2957 1005 3014 Romae
1026 2954 1133 3013 aedem
1154 2943 1191 3012 err

192 3070 338 3111 marmore
358 3050 390 3110 in
408 3049 444 3110 iis
463 3049 534 3127 ipsis
555 3051 747 3112 monimentis
766 3051 887 3112 molitus
905 3053 992 3111 duim
1010 3053 1061 3111 uel
1080 3049 1191 3127 magni-

228 3221 238 3254 1
257 3205 369 3255 saeuiret
384 3206 428 3255 A:
454 3205 584 3255 saeuirent
601 3206 627 3254 P
721 3221 737 3267 3
754 3223 788 3256 ex
806 3207 837 3256 iis
855 3207 949 3270 Aldus,
968 3223 1003 3256 an
1022 3206 1108 3255 liberis
1124 3206 1191 3270 glos·

192 3286 260 3320 uma
277 3271 333 3322 est?
423 3270 600 3333 5P0sthumii
616 3271 642 3320 P
720 3273 820 3321 fiiuesi
836 3273 882 3322 fuit
898 3273 924 3320 A
1024 3273 1191 3334 8quadrien-

193 3337 236 3385 nio
254 3336 320 3386 BA:
346 3337 543 3399 quadriennium
561 3337 587 3386 P
704 3338 766 3399 91³.
779 3340 861 3387 seudo
878 3339 1008 3401 philippus
1023 3338 1048 3385 Α
1161 3351 1191 3384 12

193 3401 334 3463 adsumptis
361 3403 422 3454 coni.
449 3402 546 3452 Burer:
577 3403 703 3465 adsumpti
726 3404 795 3452 AP:
826 3405 962 3453 &memus
984 3405 994 3465 (
1015 3403 1039 3468 ⁹)
1067 3410 1190 3466 suprascr.

193 3467 380 3517 temeritatisA
472 3484 501 3530 13
520 3468 612 3519 PR.A
705 3483 734 3529 14
751 3476 807 3518 erat
818 3469 864 3520 del.
874 3469 1002 3519 Gelenius:
1020 3475 1059 3517 est
1074 3469 1191 3517 Vossius:

194 3532 321 3582 inditurus
350 3539 405 3582 erat
432 3534 475 3594 (sc.
499 3534 745 3599 Pseudophilippus)
773 3533 932 3584 Mommsen:
965 3534 1019 3582 indi
1047 3534 1125 3583 satum
1153 3534 1194 3582 uel

194 3598 347 3648 destinatum
359 3605 414 3648 erat
429 3599 539 3650 Thomas
636 3613 666 3662 15
682 3600 761 3648 lmani
773 3601 798 3647 A
811 3617 817 3649 r
835 3601 902 3651 imm.
914 3600 941 3648 P
1003 3600 1157 3662 incipientes
1167 3599 1194 3648 P
1242 3620 1245 3629 ·

197 3679 225 3726 η
243 3664 346 3714 luerunt
369 3663 412 3713 A:
441 3665 512 3715 suere
534 3666 560 3716 P
673 3680 704 3714 aa
724 3665 866 3727 imperasse
887 3665 1049 3728 Lysippo..
1069 3701 1075 3714 .
1091 3664 1191 3713 auctori

195 3729 340 3780 Salmasms
355 3734 377 3779 et
390 3729 542 3781 Fm'nsheim
653 3747 685 3794 24
702 3730 825 3781 Granium
841 3731 866 3779 A
966 3745 998 3791 27
1016 3745 1125 3780 monum.
1139 3728 1194 3777 ΑΡ

196 3796 270 3846 huius
287 3794 345 3846 add.
358 3794 484 3848 Rolnam

678 3887 709 3925 10
