2810 4350
508 355 660 415 VELLEI
683 354 922 415 PATERCVLI

187 545 202 590 4
216 525 328 586 bellum
338 523 511 602 Carthagini
523 523 583 585 iam
597 534 666 584 ante
680 523 836 584 biennium
849 544 868 584 a
881 523 1028 602 prioribus
1042 523 1215 584 consulibus

216 623 340 684 inlatum
369 623 481 683 maiore
505 622 536 682 ui
560 621 660 682 intulit
684 622 766 702 (cum
790 633 861 682 ante
884 622 915 682 in
938 621 1088 699 Hispania
1110 621 1216 681 murali

217 741 337 793 corona,
362 720 394 780 in
416 719 517 781 Africa
541 719 720 782 obsidionali
747 723 878 781 donatus
901 732 986 794 esset,
1011 718 1042 779 in
1068 719 1217 796 Hispania

217 838 289 879 uero
310 817 399 878 etiam
417 837 453 878 ex
473 817 695 895 prouocatione,
711 817 776 895 ipse
796 817 933 879 modicus
953 816 1070 890 uirium,
1088 816 1216 877 inmanis

188 915 430 992 smagnitudinis
457 917 576 976 hostem
603 913 813 995 interemisset)
837 935 964 992 eamque
990 915 1096 975 urbem
1123 914 1245 991 magis5

217 1012 332 1073 inuidia
355 1012 460 1090 imperi
482 1033 573 1091 quam
598 1013 686 1075 ullius
711 1013 774 1074 eius
795 1013 937 1090 temporis
959 1011 1065 1073 noxiae
1089 1010 1217 1072 inuisam

218 1112 360 1170 Romano
387 1110 502 1171 nomini
529 1110 661 1172 funditus
692 1109 809 1171 sustulit
836 1109 966 1187 fecitque
1000 1130 1071 1170 suae
1101 1109 1217 1169 uirtutis

218 1206 446 1281 monimentum,
469 1209 552 1285 quod
572 1210 666 1269 fuerat
687 1207 736 1268 aui
757 1207 820 1269 eius
841 1207 1024 1269 clementiae.
1068 1209 1217 1284 Carthago

218 1304 315 1365 diruta
342 1315 395 1379 est,
424 1325 494 1366 cum
522 1305 650 1368 stetisset
682 1305 768 1366 annis
796 1311 949 1379 tocaxw,
977 1304 1088 1366 abhinc
1121 1324 1217 1364 annos

189 1405 374 1465 ⁶†01.xxvn
401 1403 456 1464 Cn.
480 1403 621 1464 Cornelio
646 1405 775 1463 Lentulo
798 1405 830 1463 L.
856 1402 1008 1464 Mummio
1034 1400 1214 1463 consulibus.
1233 1425 1264 1459 ro

218 1501 299 1560 hunc
320 1500 410 1560 finem
432 1500 536 1561 habuit
558 1500 689 1561 Romani
710 1500 815 1578 imperi
833 1502 982 1578 Carthago
1002 1503 1127 1574 aemula,
1148 1519 1217 1560 cum

218 1617 278 1674 qua
292 1597 402 1658 bellare
423 1597 550 1658 maiores
570 1597 663 1659 nostri
681 1618 806 1676 coepere
821 1598 950 1660 Claudio
971 1609 1000 1658 et
1022 1597 1129 1658 Fuluio
1150 1617 1219 1657 con·

219 1694 333 1756 sulibus
343 1706 412 1756 ante
423 1716 518 1756 annos
533 1701 682 1769 †ccxcvr,
693 1716 784 1774 quam
798 1707 839 1770 tu,
856 1699 899 1756 M.
910 1695 1018 1769 Vinici,
1030 1697 1218 1756 consulatum

219 1791 315 1852 inires.
360 1791 401 1852 ita
421 1812 474 1869 per
495 1813 590 1853 annos
605 1798 697 1857 tcxv
717 1805 769 1853 aut
787 1793 900 1854 bellum
920 1793 997 1854 inter
1018 1813 1069 1854 eos
1090 1794 1217 1870 populos

192 1901 269 1955 taut
284 1889 354 1950 belli
375 1891 559 1967 praeparatio
579 1901 631 1952 aut
651 1891 744 1953 infida
763 1911 820 1968 pax
840 1891 903 1951 fuit.
947 1911 1045 1968 neque
1066 1911 1099 1950 se
1120 1893 1219 1950 Roma
1235 1915 1264 1963 15

219 1987 278 2048 iam
300 1999 441 2049 terrarum
456 1989 522 2050 orbi
541 2000 678 2067 superato
696 2010 830 2051 securam
852 1989 981 2066 sperauit
995 1992 1067 2062 fore,
1082 1988 1108 2048 si
1126 1987 1219 2048 moni—

219 2096 355 2145 mentum
376 2107 502 2164 usquam
524 2087 627 2148 stantis
649 2098 781 2148 maneret
799 2087 1002 2164 Carthaginis:
1024 2089 1100 2147 adeo
1116 2085 1218 2146 odium

201 2193 203 2197 '
220 2182 430 2244 certaminibus
442 2195 539 2245 ortum
554 2187 630 2245 ultra
640 2195 754 2245 metum
765 2186 850 2245 durat
861 2196 891 2245 et
905 2205 944 2246 ne
954 2185 985 2244 in
996 2184 1082 2245 uictis
1097 2183 1219 2261 quidem

221 2279 380 2357 deponitur
394 2301 493 2358 neque
506 2294 576 2344 ante
589 2282 721 2343 inuisum
735 2303 801 2343 esse
814 2282 923 2344 desinit
937 2303 1028 2360 quam
1043 2303 1108 2342 esse
1122 2280 1217 2342 desiit.

174 2386 208 2446 13
263 2381 344 2438 Ante
364 2378 523 2439 triennium
545 2401 635 2457 quam
653 2382 803 2458 Carthago
820 2382 974 2454 deleretur,
996 2382 1039 2439 M.
1056 2382 1141 2452 Cato,
1157 2398 1219 2456 per·
1236 2405 1266 2438 ιο
1349 2456 1352 2460 ¹

221 2487 328 2552 petuus
353 2476 516 2538 diruendae
544 2478 607 2540 eius
634 2489 745 2552 auctor,
773 2481 806 2538 1.
825 2479 993 2540 Censorino
1017 2480 1069 2538 Μ’.
1093 2476 1220 2537 Manilio

221 2573 394 2635 consulibus
408 2587 535 2636 mortem
549 2576 631 2637 obiit.
674 2579 783 2637 eodem
803 2597 892 2650 anno,
909 2596 969 2653 quo
989 2578 1138 2653 Carthago
1152 2595 1221 2636 con-

220 2670 301 2746 cidit,
314 2676 371 2736 †A
386 2674 552 2736 Mummius
567 2674 747 2737 Corinthum
761 2686 830 2752 post
848 2695 944 2734 annos
960 2692 1113 2747 mccclii,
1130 2693 1220 2750 quam

194 2770 260 2830 ²ab
281 2772 368 2831 Alete
388 2771 532 2848 Hippotis
551 2772 613 2832 filio
632 2783 693 2832 erat
710 2771 840 2846 condita,
863 2772 997 2833 funditus
1019 2771 1102 2832 eruit.
1146 2784 1221 2831 uter-

222 2889 282 2946 que
295 2868 455 2946 imperator
469 2869 605 2930 deuictae
623 2890 641 2930 a
662 2890 694 2930 se
707 2869 803 2947 gentis
821 2869 943 2930 nomine
961 2872 1132 2942 honoratus
1148 2873 1221 2929 alter
1237 2895 1266 2943 ²5

222 2966 388 3040 Africanus,
402 2968 476 3027 alter
495 2970 660 3046 appellatus
679 2978 723 3028 est
738 2967 911 3042 Achaicus3
934 2987 990 3028 nec
1010 2966 1168 3045 quisquam
1186 2986 1221 3025 ex

257 3122 309 3170 ris
321 3121 416 3170 bellum
427 3121 552 3171 Ruhnken
634 3121 814 3184 4lmanisA:
831 3123 898 3172 imm.
911 3122 937 3170 P
1013 3125 1108 3172 bein
1121 3122 1221 3184 imperii

222 3186 276 3235 ΑΡ
382 3189 398 3234 8
416 3188 517 3236 monim.
529 3187 599 3235 AB:
616 3203 728 3238 monum.
740 3188 766 3236 P
866 3205 883 3251 9
899 3189 1027 3237 ocuxvrA
1041 3205 1047 3236 :
1064 3203 1170 3238 ucuxvu
1182 3188 1222 3238 P:

223 3267 329 3301 ocuxxrr
341 3252 403 3302 Iani
480 3270 511 3303 10
527 3268 632 3302 cuxxvrr
645 3254 686 3302 B:
703 3268 824 3302 cclxxvrr
836 3254 904 3302 AP:
921 3268 1020 3304 caxxnr
1033 3254 1106 3303 Kritz
1192 3269 1222 3314 13

223 3333 314 3366 ccxcvi
323 3319 392 3367 AP:
408 3334 492 3368 ccxcn
502 3320 615 3368 Laurent
648 3326 788 3380 quamtum
799 3321 826 3368 in
837 3327 948 3381 quamtu
961 3324 1088 3368 mutatum
1096 3320 1122 3370 A
1193 3334 1222 3379 14

223 3398 274 3432 cxv
285 3383 352 3431 AF:
369 3400 420 3433 cxx
431 3385 493 3433 Iani
568 3398 597 3446 15
614 3385 831 3448 infidasffipax(
852 3386 913 3452 ')A
983 3385 1138 3434 160rbiA:
1160 3385 1222 3436 orbe

223 3498 250 3548 P
299 3500 482 3549 monimentum
493 3501 595 3549 Baiter:
616 3458 763 3566 mommfflc)
781 3501 807 3548 A
819 3516 824 3550 :
848 3515 942 3550 nomen
958 3500 985 3548 P
1049 3515 1078 3560 η
1094 3515 1222 3563 quemeu-

222 3573 312 3628 prascr.
325 3565 469 3626 usquamA
563 3581 593 3627 19
609 3581 694 3629 neque
706 3573 766 3615 ante
778 3567 892 3616 aemulus
904 3566 1002 3614 inuisus
1014 3565 1105 3614 Noudk
1191 3580 1221 3612 21

225 3630 267 3681 Μ’.
281 3629 388 3679 Manilio
397 3630 500 3679 Aldus:
518 3630 553 3680 Μ.
566 3631 661 3682 Manlio
673 3631 728 3680 ΑΡ
822 3648 855 3693 23
871 3632 896 3680 A
908 3632 1042 3680 mummius
1054 3633 1079 3679 A
1092 3647 1098 3679 t
1115 3647 1130 3679 a
1143 3631 1223 3680 Mum·

224 3697 290 3746 mius
304 3696 347 3744 B:
361 3696 394 3746 A.
412 3696 549 3745 Mummius
560 3697 599 3745 P:
627 3698 653 3747 L.
669 3697 808 3746 Mummius
819 3698 958 3746 Rhenanus
1064 3712 1096 3758 ²4
1113 3697 1223 3768 abelem

224 3777 280 3845 (sic)
292 3777 335 3828 A:
353 3794 369 3827 a
386 3777 475 3827 Belete
491 3778 518 3825 P
604 3779 734 3842 Hipponis
751 3777 810 3838 ΑΡ,
828 3794 875 3828 em.
895 3776 1008 3827 Gelenius
1099 3779 1179 3828 seruit
1196 3779 1221 3826 A

223 3859 256 3907 25
271 3845 388 3893 deuictae
401 3859 445 3893 eas
457 3843 557 3905 egentis
569 3844 594 3893 A
694 3846 727 3892 26
743 3843 867 3905 apellatus
878 3844 904 3892 A
918 3847 940 3889 et
949 3841 1143 3906 sa'cseresempnr
