2810 4350
519 336 674 396 VELLEI
697 335 937 395 PATERCVLI

230 505 365 566 terribilis
387 504 490 565 ltaliae
511 523 632 581 quoque
653 502 802 563 uideretur
819 501 982 575 imminere,
1005 513 1083 563 sorte
1104 501 1229 562 obuenit

200 629 215 673 4
229 605 328 663 Sullae
342 602 414 662 Asia
427 601 588 678 prouincia
632 597 682 681 [is]
697 619 830 676 egressus
849 600 923 659 urbe
941 618 1010 659 cum
1025 599 1103 660 circa
1117 600 1227 660 Nolam

230 712 392 761 moraretur
419 690 543 779 (quippe
567 719 602 759 ea
626 698 696 757 urbs
721 696 954 774 pertinacissime
977 717 1058 757 arma
1082 696 1227 757 retinebat

229 797 417 874 exercituque
433 799 572 857 Romano
587 795 787 867 obsidebatur,
801 795 882 854 uelut
895 793 1058 871 paeniteret
1072 793 1135 854 eius
1146 793 1225 866 fidei,

229 915 320 972 quam
341 894 475 955 omnium
497 893 712 954 sanctissimam
735 892 814 952 bello
835 892 1017 968 praestiterat
1039 891 1176 970 Punico),
1193 895 1224 951 P.
1242 914 1255 961 5

200 1023 213 1070 5
228 991 375 1069 Sulpicius
394 991 529 1051 tribunus
546 993 595 1067 pl.,
611 988 746 1061 disertus,
762 1009 837 1062 acer,
856 988 963 1065 opibus
982 988 1073 1066 gratia
1089 988 1226 1049 amicitiis

218 1089 329 1166 “uigore
347 1088 446 1166 ingeni
467 1100 557 1165 atque
577 1086 669 1147 animi
690 1085 906 1159 celeberrimus,
930 1107 999 1146 cum
1020 1097 1108 1146 antea
1129 1087 1226 1147 rectis-

225 1186 302 1246 s'ima
322 1189 476 1247 uoluntate
498 1188 579 1262 apud
601 1185 746 1262 populum
768 1183 927 1244 maximam
948 1184 1111 1261 quaesisset
1132 1184 1225 1262 digni-

226 1295 326 1357 tatem,
342 1283 427 1361 quasi
440 1283 551 1360 pigeret
566 1303 635 1343 eum
650 1281 791 1341 uirtutum
806 1301 925 1341 suarum
945 1293 974 1341 et
991 1282 1069 1341 bene
1088 1284 1224 1342 consulta

198 1380 253 1443 tei
270 1384 350 1441 male
368 1383 516 1453 cederent,
532 1379 631 1440 subito
649 1399 758 1456 prauus
777 1390 806 1438 et
824 1399 965 1456 praeceps
985 1381 1019 1441 C.
1039 1379 1137 1439 Mario
1156 1391 1224 1456 post
1241 1399 1274 1434 10

226 1496 290 1536 Lxx
312 1497 424 1538 annum
449 1476 551 1537 omnia
573 1475 697 1552 imperia
717 1486 747 1535 et
770 1475 868 1535 omnis
892 1474 1060 1552 prouincias
1085 1477 1224 1554 concupi-

215 1575 319 1636 scenti
342 1574 455 1635 addixit
482 1595 510 1634 se
534 1577 689 1651 legemque
712 1574 752 1632 ad
776 1576 921 1650 populum
945 1573 1019 1646 tulit,
1042 1594 1102 1651 qua
1124 1576 1223 1635 Sullae

225 1672 381 1749 imperium
396 1672 592 1749 abrogaretur,
605 1671 639 1732 C.
651 1669 749 1729 Mario
763 1670 875 1730 bellum
890 1672 1097 1731 decerneretur
1109 1671 1224 1731 Mithri-

215 1769 365 1842 daticum,
394 1769 525 1846 aliasque
556 1771 635 1845 leges
662 1768 843 1846 perniciosas
871 1778 900 1826 et
928 1767 1090 1829 exitiabiles
1123 1788 1221 1846 neque

224 1868 391 1927 tolerandas
410 1866 528 1926 'liberae
556 1865 668 1926 ciuitati
696 1865 770 1926 tulit.
813 1864 886 1942 quin
914 1864 1004 1924 etiam
1033 1867 1070 1942 Q.
1096 1867 1222 1943 Pompei
1239 1887 1270 1938 15

217 1963 353 2024 'consulis
375 1964 468 2024 filium
490 1966 680 2041 eundemque
701 1966 800 2024 Sullae
818 1981 960 2040 generum
981 1983 1034 2040 per
1054 1963 1221 2025 emissarios

216 2061 358 2121 'factionis
373 2082 444 2122 suae
458 2061 610 2121 interfecit.

170 2175 217 2232 19·
262 2161 341 2218 Tum
364 2161 444 2219 Sulla
468 2170 620 2219 contracto
643 2157 771 2218 exercitu
795 2159 834 2218 ad
856 2158 960 2217 urbem
983 2157 1069 2218 rediit
1094 2179 1220 2236 eamque

217 2255 309 2316 'armis
342 2255 508 2332 occupauit,
542 2274 588 2314 xrr
618 2266 753 2315 auctores
785 2274 931 2315 nouarum
965 2255 1219 2334 pessimarumque

221 2373 326 2426 rerum,
351 2353 426 2413 inter
446 2373 522 2430 quos
545 2352 674 2412 Marium
699 2372 768 2412 cum
790 2351 852 2412 filio
875 2363 904 2412 et
927 2355 958 2411 P.
982 2351 1123 2428 Sulpicio,
1145 2355 1219 2414 urbe
1236 2378 1268 2410 20

221 2450 386 2510 exturbauit
413 2471 449 2511 ac
476 2453 541 2527 lege
568 2453 627 2510 lata
654 2452 753 2510 exules
781 2449 858 2510 fecit.
910 2449 1072 2526 Sulpicium
1103 2448 1218 2532 [etiam]

219 2547 353 2607 adsecuti
368 2547 481 2625 equites
495 2547 527 2607 in
543 2547 729 2608 Laurentinis
748 2547 906 2624 paludibus
926 2546 1103 2624 iugulauere,
1119 2561 1219 2625 caput·

219 2664 279 2720 que
306 2643 370 2704 eius
397 2656 527 2704 erectum
555 2656 584 2704 et
609 2655 789 2704 ostentatum
813 2663 867 2720 pro
891 2643 991 2704 rostris
1019 2646 1101 2705 uelut
1128 2666 1217 2707 omen

190 2765 202 2798 α
219 2741 401 2801 imminentis
420 2741 641 2818 proscriptionis
660 2741 722 2801 fuit.
767 2741 880 2801 Marius
898 2753 966 2818 post
983 2752 1098 2801 sextum
1113 2763 1217 2803 consu-

208 2840 311 2897 ·latum
336 2858 505 2920 annosque
516 2856 579 2896 Lxx
604 2838 703 2898 nudus
727 2858 762 2898 ac
786 2837 858 2898 limo
883 2838 1015 2911 obrutus,
1037 2839 1131 2899 oculis
1156 2852 1217 2900 tan·
1231 2869 1262 2918 25

219 2937 377 2995 tummodo
407 2955 443 2996 ac
474 2935 593 2995 naribus
625 2935 833 3009 eminentibus,
863 2946 1008 2996 errtractus
1038 2938 1216 3000 arundineto

209 3071 405 3139 ¹rlmin.A:
423 3089 528 3139 immP
602 3105 617 3137 2
634 3090 797 3167 prouintiaA
866 3089 939 3138 IsP:
956 3107 1007 3141 om.
1016 3091 1041 3137 A
1116 3095 1216 3158 4p9ni-

218 3162 285 3203 teret
306 3155 351 3204 A:
379 3171 454 3218 poen.
477 3153 503 3202 Ρ
608 3156 735 3216 qingenii
757 3153 812 3201 ΑΡ
913 3158 1008 3217 8aput
1029 3156 1072 3207 A:
1102 3161 1171 3220 apud
1193 3159 1219 3207 P

219 3235 363 3268 maxumam
375 3222 401 3268 A
513 3235 543 3268 12
560 3236 588 3269 se
597 3226 655 3283 post
664 3220 807 3269 Puteanum
818 3221 938 3269 Heinsius
947 3227 970 3269 et
980 3222 1081 3282 Bentley
1088 3229 1147 3286 past
1157 3240 1215 3273 con·

123 3338 125 3352 .
218 3285 368 3346 cupiscenti,
387 3288 469 3336 Halm
486 3292 544 3349 post
561 3301 694 3348 praeceps,
710 3303 753 3349 ego
770 3291 827 3349 post
846 3285 943 3335 addixit
962 3287 1121 3337 addidimus:
1145 3291 1217 3340 doda

218 3350 317 3400 addixit
338 3352 364 3398 A
391 3354 458 3416 (siem
487 3351 560 3400 Kritz
579 3353 638 3414 imp.
661 3359 687 3399 et
706 3369 729 3401 0.
751 3351 896 3430 prouincias
916 3359 1047 3414 tamquam
1068 3357 1217 3404 accusatiuos

220 3416 310 3463 rettulit
328 3417 363 3464 ad
380 3419 477 3466 addixit
576 3418 690 3478 Syllae'
684 3419 811 3480 inperium
830 3418 865 3479 A,
888 3419 932 3480 qui
940 3418 1058 3479 sormam
1079 3419 1150 3468 Sulla
1166 3437 1216 3468 non

205 3481 355 3529 .}ral›etnrsr'
371 3498 408 3546 19.
422 3499 446 3547 a,
464 3498 539 3544 241,
559 3485 597 3532 28.
612 3501 626 3531 2
628 3499 715 3544 ,.412
832 3498 860 3543 15
879 3483 979 3545 etiamq.
999 3483 1105 3546 Pompei
1122 3486 1206 3535 A:e

220 3547 251 3607 Q.
266 3546 419 3608 PompeiiP
481 3566 514 3598 πο
532 3549 647 3626 Sulpitio,
662 3565 690 3597 21
703 3549 839 3610 Sulpitium
851 3548 905 3595 ΑΡ
972 3565 1000 3598 21
1019 3566 1053 3596 ex
1040 3551 1213 3620 turbaurtA

219 3613 296 3660 etiam
315 3630 328 3660 e
347 3615 511 3676 geminatione
529 3615 572 3662 litt.
592 3616 673 3662 -itium
695 3621 776 3662 ortum
791 3615 915 3678 putabant
933 3615 1011 3663 omi·
1000 3632 1008 3662 r
1024 3620 1047 3662 et
1040 3599 1216 3664 Comelissen

219 3694 251 3739 23
262 3679 425 3726 omenAsed
431 3679 574 3741 erasoquod
580 3697 646 3728 nunc
651 3682 700 3743 legi
706 3697 755 3729 non
761 3685 840 3743 potest
890 3681 993 3739 a4inm.
1005 3680 1031 3726 A
1093 3695 1125 3742 25
1137 3698 1215 3731 anno

216 3760 267 3806 que
280 3759 339 3795 ixx.
350 3743 418 3794 AP:
435 3760 568 3806 armosque
580 3761 632 3794 ixx
647 3744 766 3794 Vrsinus:
782 3761 929 3807 anuumque
941 3760 992 3794 Lxx
1007 3745 1067 3794 Voss

699 3841 730 3902 36
