2810 4350
526 345 529 350 ’
625 343 754 401 LIBER
777 344 809 401 ΙΙ

159 555 160 558 η
218 505 294 566 circa
318 508 458 583 paludem
485 506 624 581 Maricae,
650 507 682 567 in
706 528 796 585 quam
822 528 853 568 se
877 508 992 586 fugiens
1017 509 1215 570 consectantis

217 605 315 664 Sullae
343 603 457 682 equites
485 604 648 678 abdiderat,
675 604 785 665 iniecto
812 604 843 664 in
872 609 982 666 collum
1007 608 1070 666 loro
1098 605 1129 666 in
1157 627 1216 667 car·

217 719 314 760 cerem
340 700 592 761 Minturnensium
617 701 698 762 iussu
723 701 873 762 duumuiri
897 704 1056 779 perductus
1081 715 1132 763 est.
1176 705 1244 766 ads

216 817 306 874 quem
331 797 569 859 interficiendum
594 799 700 859 missus
729 820 797 859 cum
821 799 921 876 gladio
948 820 1050 860 seruus
1077 799 1215 877 publicus

188 893 337 963 5natione
372 897 547 968 Germanus,
583 895 635 973 qui
669 898 744 956 forte
781 897 819 956 ab
854 896 1029 973 imperatore
1064 917 1101 957 eo
1136 897 1215 957 bello

217 991 369 1052 Cimbrico
394 1004 497 1069 captus
520 1003 589 1066 erat,
612 1005 644 1053 ut
668 993 790 1071 agnouit
812 992 950 1066 Marium,
973 1014 1082 1072 magno
1103 993 1225 1054 eiulatu.

216 1107 391 1164 expromens
416 1089 651 1166 indignationem
676 1111 761 1150 casus
786 1090 860 1150 tanti
888 1089 943 1150 uiri
970 1090 1087 1150 abiecto
1115 1091 1214 1168 gladio

216 1185 344 1262 profugit
368 1206 386 1246 e
410 1207 533 1247 carcere.
587 1198 651 1246 tum
675 1187 766 1260 ciues,
788 1188 828 1247 ab
852 1189 939 1248 hoste
966 1186 1096 1247 misereri
1123 1191 1243 1265 paulo4

126 1321 130 1328 -
216 1293 285 1341 ante
312 1283 452 1361 principis
480 1283 535 1344 uiri
563 1283 653 1358 docti,
679 1284 854 1345 instructum
882 1305 951 1350 eum
979 1283 1089 1344 uiatico
1116 1288 1214 1344 conla-

173 1405 203 1438 10
216 1389 305 1455 taque
335 1391 419 1441 ueste
451 1381 481 1440 in
512 1402 621 1441 nauem
652 1381 864 1458 imposuerunt.
915 1392 945 1441 at
975 1380 1024 1440 ille
1054 1382 1213 1442 adsecutus

215 1475 292 1537 circa
305 1479 465 1539 Aenariam
479 1479 573 1539 filium
588 1499 706 1540 cursum
721 1479 751 1538 in
766 1479 897 1539 Africam
912 1477 1016 1539 direxit
1032 1477 1213 1556 inopemque

214 1574 306 1634 uitam
321 1575 352 1634 in
367 1576 483 1654 tugurio
503 1577 653 1637 ruinarum
673 1576 961 1654 Carthaginiensium
981 1576 1125 1649 tolerauit,
1143 1596 1212 1636 cum

215 1671 328 1732 Marius
352 1673 498 1750 aspiciens
524 1673 741 1751 Carthaginem,
764 1673 814 1734 illa
838 1673 956 1732 intuens
980 1672 1118 1746 Marium,
1140 1676 1213 1733 alter

213 1769 296 1828 alteri
310 1781 433 1846 possent
447 1791 512 1830 esse
527 1770 645 1830 solacio,

170 1894 199 1943 15
255 1870 326 1927 Hoc
356 1867 485 1945 primum
513 1888 593 1928 anno
621 1867 763 1945 sanguine
794 1867 923 1928 consulis
952 1865 1083 1927 Romani
1110 1867 1211 1928 militis
1224 1888 1265 1932 ao

215 1963 346 2024 imbutae
364 1985 470 2024 manus
490 1975 559 2024 sunt
569 1986 578 2038 ;
598 1965 709 2042 quippe
730 1965 765 2040 Q.
783 1963 952 2041 Pompeius,
970 1966 1083 2040 collega
1102 1966 1209 2038 Sullae,

211 2062 250 2121 ad
272 2062 432 2122 exercitum
452 2065 507 2124 Cn.
525 2062 650 2140 Pompei
671 2061 856 2139 proconsulis
877 2061 1031 2134 seditione,
1048 2063 1101 2121 sed
1120 2081 1210 2138 quam

211 2159 271 2218 dux
285 2170 443 2233 creauerat,
459 2159 629 2219 interfectus
644 2170 695 2219 est.
739 2179 800 2218 non
817 2168 879 2218 erat
898 2157 996 2218 Mario
1017 2156 1209 2235 Sulpicioque
1226 2177 1236 2210 ²

212 2255 309 2316 Cinna
336 2256 531 2333 temperatior.
585 2255 684 2333 itaque
712 2275 781 2315 cum
809 2255 849 2314 ita
876 2254 980 2315 ciuitas
1009 2254 1112 2314 Italiae
1139 2257 1209 2315 data

167 2371 197 2404 20
210 2364 295 2426 esset,
324 2365 357 2413 ut
388 2353 418 2412 in
446 2365 516 2414 octo
546 2353 639 2413 tribus
667 2352 922 2413 contribuerentur
949 2351 1021 2412 noui
1051 2351 1140 2425 ciues,
1170 2372 1208 2412 ne

209 2450 343 2526 potentia
370 2472 473 2512 eorum
498 2463 527 2512 et
552 2451 711 2511 multitudo
736 2462 869 2510 ueterum
894 2449 1005 2510 ciuium
1033 2449 1207 2526 dignitatem

209 2550 353 2626 frangeret
367 2552 493 2627 plusque
513 2559 636 2626 possent
654 2547 764 2625 recepti
784 2547 814 2606 in
834 2547 1013 2607 beneficium
1032 2567 1122 2623 quarn
1141 2567 1209 2606 auc·

208 2657 286 2706 tores
307 2647 453 2720 beneficii,
474 2647 571 2709 Cinna
590 2646 621 2706 in
640 2646 780 2707 omnibus
798 2645 933 2705 tribubus
952 2665 1004 2705 eos
1021 2665 1053 2705 se
1072 2643 1208 2705 distribu-

208 2755 305 2802 turum
328 2743 477 2821 pollicitus
500 2755 564 2804 est:
594 2765 655 2822 quo
677 2743 799 2804 nomine
819 2743 970 2820 ingentem
992 2741 1082 2802 totius
1104 2741 1236 2808 Italiae3

242 2929 253 2960 1
272 2915 482 2963 consentantisA
551 2931 566 2963 2
584 2931 658 2965 carce
666 2915 700 2978 A,
709 2916 764 2977 fine
771 2914 990 2962 uocabulr'absa'sso
1057 2929 1072 2974 3
1090 2906 1117 2962 ff.
1127 2913 1210 2962 uiriP

207 2995 227 3026 11
236 2979 284 3026 uiri
292 2981 317 3027 A
330 2997 335 3028 :
353 2981 513 3028 duumuirum
521 2981 622 3045 Lipsius
688 2995 703 3042 5
716 2980 759 3044 ab]
768 2981 814 3028 sub
823 2979 959 3026 Burmann
1005 2978 1039 3026 im
1049 2985 1169 3040 peratore
1178 2979 1204 3025 A

205 3047 222 3092 6
239 3061 332 3106 magno
343 3046 410 3095 BA:
429 3061 486 3094 curn
498 3062 590 3107 magno
602 3046 628 3093 P
724 3062 738 3108 7
756 3060 911 3107 expromens
921 3043 1052 3092 Aa'dalr'm
1066 3049 1089 3091 et
1099 3045 1208 3108 Madurgt

206 3109 311 3158 Aduers.
325 3111 350 3160 ii.
364 3125 429 3171 301:
446 3113 613 3176 expromenti
632 3111 697 3160 BP:
723 3110 878 3173 exprimenti
889 3109 934 3156 A:
958 3125 989 3156 m.
1008 3109 1102 3157 eiulatu
1120 3111 1204 3172 expri-

206 3184 291 3224 mente
303 3175 401 3236 indign.
413 3176 486 3224 Kritz
573 3193 603 3226 ro
620 3178 679 3238 imp.
692 3176 746 3224 AP
827 3191 852 3222 11
871 3174 1021 3223 Taenariam
1032 3173 1073 3224 P:
1090 3175 1210 3224 taenaria’·

205 3248 325 3303 suprascr.
345 3241 456 3290 Tenaria
469 3242 514 3290 A:
533 3241 648 3290 Aenaria
662 3242 774 3290 Gelenius
874 3255 903 3288 12
921 3239 1160 3300 Carthaginensium
1176 3242 1202 3288 A

206 3319 235 3366 14
252 3305 410 3354 solatioAP
475 3309 506 3354 16
522 3315 582 3356 sunt
593 3308 662 3356 BA:
680 3306 763 3357 om.P
809 3305 1040 3367 Q.add.Heinsius
1095 3305 1201 3368 SyllaA

207 3435 235 3481 17
253 3371 285 3470 {il
304 3422 475 3471 exercituA:
503 3424 535 3471 ad
553 3422 695 3471 exercitum
713 3422 739 3470 P
786 3422 869 3469 Burar
883 3421 1005 3468 dubr'tauit
1021 3425 1106 3468 utrum
1119 3423 1204 3485 potrus

204 3487 334 3549 legendum
349 3493 409 3535 esset
425 3489 457 3536 ad
477 3505 510 3536 au
522 3489 554 3536 ab
631 3488 759 3536 seditione
776 3486 840 3534 BP:
863 3485 982 3534 seditioni
999 3496 1118 3549 suprascr.
1136 3488 1202 3534 sedi·

204 3552 314 3600 tionisA
385 3554 415 3600 18
432 3559 487 3601 aute
499 3569 550 3601 non
562 3554 648 3602 Haase
658 3553 761 3615 signum
773 3553 873 3599 lacunae
880 3551 965 3615 poem't
1009 3550 1201 3613 SulpitioqueA

202 3622 225 3663 et
236 3633 324 3680 margo
334 3617 371 3667 P:
391 3618 500 3680 Sulpitio
516 3618 543 3665 P
656 3633 686 3678 19
703 3617 867 3679 temperatior
875 3624 994 3679 suprascr.
1009 3617 1199 3678 temperatorA

203 3698 232 3730 21
252 3684 375 3744 potentiae
392 3684 417 3730 A
438 3685 487 3732 nisi
494 3685 576 3747 fallor
671 3699 702 3732 aa
719 3682 819 3744 possint
830 3681 856 3728 A

684 3866 715 3917 37
