2810 4350
548 377 874 438 PROLEGOMENA

250 545 356 620 Itaque
370 563 406 604 ex
425 545 470 604 ed.
488 544 583 604 Princ.
599 565 624 604 a
645 563 729 622 1520,
745 565 814 604 cum
829 544 917 606 uariis
934 545 1120 621 lectionibus,
1136 567 1209 624 quas

210 652 337 711 Burerus
375 672 411 712 ex
450 651 642 712 Murbacensi
680 652 812 712 enotauit
846 652 1022 730 addiditque
1056 664 1208 730 tamquam

208 759 450 833 supplementum
474 757 732 834 appendicemque
751 757 874 818 editioni
896 757 1034 834 Principi‚
1058 759 1209 835 pendebat

207 872 270 921 tota
291 862 372 923 crisis
393 863 539 923 Velleiani
564 863 661 940 operis
685 865 840 941 usquead
862 884 975 923 annum
999 867 1083 941 1834.
1136 866 1208 924 Non

208 989 268 1044 quo
289 969 339 1028 alii
352 990 414 1029 non
434 969 542 1029 fuerint
563 969 614 1046 qui
637 969 843 1029 Murbacensis
864 971 1035 1046 apographa
1051 969 1210 1030 uideantur

206 1074 365 1149 habuisse3
394 1096 520 1152 quorum
556 1078 632 1135 duos
667 1075 799 1135 nomino.
861 1075 944 1136 Prior
978 1086 1023 1136 est
1055 1075 1210 1136 Bernardi-

206 1201 262 1240 nus
292 1181 430 1255 Rutilius,
452 1181 522 1242 iuris
550 1184 704 1242 consultus
732 1185 917 1258 1504-1538.
961 1185 1055 1242 Hunc
1084 1181 1208 1242 Fuluius

206 1287 331 1347 Vrsinus
350 1285 565 1367 (1529-1600)‚
581 1287 612 1347 in
626 1289 715 1348 Nolis
734 1290 776 1346 ad
793 1291 971 1364 Fragmenta
991 1289 1206 1347 Irbtten'corum

205 1411 285 1452 anno
303 1410 377 1470 1595
394 1393 489 1466 editis,
504 1412 532 1469 p.
550 1410 617 1470 415,
638 1403 761 1453 testatus
782 1404 826 1453 est
847 1393 878 1452 in
900 1413 955 1452 suo
976 1393 1081 1453 codice
1102 1393 1208 1453 substi-

205 1498 296 1558 tuisse
313 1501 439 1559 meribur
454 1520 509 1576 pro
523 1501 689 1558 muneribus
702 1501 777 1559 Vell.
794 1497 822 1558 ii.
839 1502 886 1573 48.
906 1521 920 1558 2
929 1500 1064 1576 perfectis
1083 1501 1208 1559 muneri-

204 1607 256 1663 bus
276 1607 390 1665 theatri.
435 1605 518 1665 Hinc
532 1605 657 1665 Vrsinus
673 1605 843 1665 emendauit
861 1607 978 1664 moeniti·
996 1607 1044 1664 uel
1064 1608 1207 1665 moenibus

205 1709 244 1788 (p.
262 1710 342 1791 422).
387 1713 474 1786 Quae
488 1711 658 1771 coniectura
672 1711 741 1771 licet
760 1711 924 1771 necessaria
938 1731 1000 1771 non
1020 1711 1056 1771 sit
1072 1712 1206 1791 (munera

204 1817 285 1876 enirn
306 1820 457 1894 absumpta
478 1819 542 1894 igni
554 1817 626 1876 dixit
641 1816 772 1877 Velleius
787 1817 815 1876 ii.
836 1837 899 1894 130.
920 1815 957 1896 1),
974 1837 990 1877 e
1011 1837 1083 1877 uero
1104 1828 1205 1877 tamen

203 1925 287 1983 fonte
307 1923 426 1982 uidetur
444 1924 568 1983 ductum
588 1923 661 1983 illud
683 1925 813 1997 uteribus,
834 1925 956 1983 fortasse
979 1943 1015 1983 ex
1035 1923 1101 1999 ipso
1125 1926 1206 1983 Mur-

204 2028 332 2089 bacensi.
377 2028 478 2088 Potuit
498 2028 578 2089 enirn
597 2029 779 2088 uocabulum
800 2028 861 2089 illic
881 2029 923 2089 sic
944 2029 1086 2106 scriptum
1108 2041 1206 2090 extare

204 2145 236 2193 ut
250 2135 300 2194 alii
314 2137 486 2208 munerebus,
502 2135 551 2194 alii
566 2137 689 2194 meribus
703 2135 859 2195 uideretur.

244 2242 372 2302 Alterius
383 2242 545 2320 apographi
560 2242 672 2302 mentio
686 2245 764 2302 facta
778 2254 822 2303 est
832 2263 851 2302 a
862 2245 1080 2303 Montfaucono
1096 2243 1206 2303 Biblio-

204 2350 279 2408 thec.
297 2349 550 2409 Bibliothecarum
565 2348 593 2408 11,
610 2369 638 2425 p.
655 2369 732 2422 1014
744 2352 782 2422 D,
797 2349 851 2409 ubi
865 2349 941 2409 inter
955 2349 1046 2409 libros
1061 2349 1207 2410 Colberti-

204 2474 258 2513 nos
273 2454 304 2513 in
319 2455 414 2531 Regia
433 2455 590 2515 Parisiensi
608 2475 733 2515 numero
753 2455 883 2531 signatus
899 2460 974 2532 6571
992 2457 1092 2515 locum
1114 2456 1205 2515 habet

212 2562 330 2619 Velleius
352 2563 525 2622 Paterculus
546 2581 607 2620 eum
630 2563 704 2620 libre
727 2563 817 2622 MSS
838 2560 905 2641 (sic)
930 2564 1050 2621 collatus
1073 2583 1092 2620 a
1115 2563 1205 2622 Petro
1303 2563 1307 2570 '

202 2667 328 2726 Pitioee.
373 2669 432 2727 Sed
455 2667 504 2726 hic
528 2667 602 2727 liber
625 2667 742 2727 Pithoei
766 2688 916 2727 unacum
941 2671 1017 2726 1600
1038 2667 1102 2726 aliis
1124 2688 1204 2727 anno

207 2790 280 2848 173²
307 2792 343 2832 ex
370 2773 552 2832 bibliotheca
580 2773 753 2834 Colbertina
776 2775 933 2834 translatus
954 2774 985 2833 in
1009 2773 1203 2834 Tabularium

203 2878 390 2955 negotiorum
412 2891 577 2939 exterorum
599 2879 714 2959 (Depdt
739 2881 792 2940 des
813 2880 927 2940 affaires
952 2878 1129 2959 etrangeres)
1151 2899 1204 2956 per

203 2987 303 3045 turbas
334 2985 436 3046 ciuiles
465 2985 574 3046 saeculi
602 2985 670 3045 xviii
698 2986 831 3046 exeuntis
858 2985 980 3063 periisse
1008 2985 1137 3045 creditur
1163 2987 1202 3046 ab

204 3092 309 3166 Hasio,
339 3113 429 3168 quern
458 3092 623 3152 Seebodius
655 3104 809 3169 rogauerat
839 3104 871 3152 ut
906 3113 975 3152 eum
1003 3090 1201 3168 inuestigaret‚

202 3198 245 3258 uti
268 3209 390 3258 testatus
414 3208 459 3257 est
483 3197 611 3258 Orellius
635 3198 666 3256 in
695 3200 740 3258 ed.
767 3198 863 3258 Vellei
889 3197 1036 3274 Lipsiensi
1060 3218 1085 3258 a.
1116 3202 1201 3276 1835,

202 3324 229 3380 p·
246 3304 282 3364 xi·
1219 3377 1221 3382 ,

243 3411 355 3471 Orellio
390 3411 516 3470 debetur
550 3412 632 3486 quod
667 3430 760 3469 unum
795 3410 894 3469 adhuc
932 3429 1022 3468 manu
1060 3410 1203 3486 scriptum

166 3519 171 3528 '
202 3528 335 3593 superest
349 3516 461 3577 codicis
482 3515 688 3575 Murbacensis
709 3517 902 3593 apographon
912 3537 921 3590 ,·
941 3515 1083 3594 scriptum
1102 3528 1202 3577 autem

202 3633 247 3682 est
282 3643 362 3683 anno
398 3626 474 3700 1516
502 3642 520 3681 a
548 3620 703 3681 Bonifacio
736 3622 914 3681 Amerbach.
969 3625 1041 3682 Hoc
1074 3623 1202 3684 Orellius

203 3729 337 3789 Basileae
365 3750 401 3790 ex
424 3728 607 3789 bibliotheca
634 3717 824 3802 Acadenrica,
854 3727 906 3788 ubi
934 3725 1097 3802 delituerat,
1121 3749 1202 3789 anno

688 3851 716 3883 Xl
