2810 4350
532 347 857 408 PROLEGOMENA

500 516 528 556 aa

196 568 327 629 Velleius
331 591 340 643 ;
363 568 391 628 ii.
405 590 449 628 20.
467 590 479 627 1
493 572 537 627 ad
546 569 670 628 exercita
678 570 724 628 A:
743 569 786 626 ad
796 567 948 627 exercitum
958 569 991 639 P,
1002 567 1055 625 sed
1067 568 1195 626 Burerus

194 675 349 735 adnotauit
379 676 609 735 Murbacensem
634 673 677 734 sic
698 673 808 733 habere
832 684 865 733 ut
889 672 1015 733 dubium
1037 670 1093 731 sibi
1118 682 1195 731 esset

194 792 259 840 utra
280 793 357 841 esset
385 781 482 841 uerior
504 780 674 840 lectionum.
729 783 835 856 Itaque
857 799 893 838 ex
912 778 978 855 ipso
1003 777 1196 837 Murbacensi

194 887 276 947 fluxit
295 887 451 948 haesitatio
474 887 524 947 illa
545 885 754 947 Amerbachii:
785 896 888 946 contra
908 905 945 945 ex
961 905 997 945 eo
1017 885 1100 962 quod
1122 882 1153 943 in
1171 886 1194 942 P

193 1004 238 1052 est
257 995 339 1052 nulla
360 992 489 1070 suspicio
509 991 657 1053 suboritur
677 991 817 1069 ambigue
836 1001 986 1050 exaratum
1005 1010 1070 1050 esse
1088 989 1194 1049 hocin

193 1100 261 1158 loco
277 1099 516 1159 Murbacensem.
559 1097 624 1158 Vtri
639 1097 725 1175 igitur
739 1095 910 1157 credimus?
940 1095 1150 1168 Amerbachio‚
1162 1105 1196 1155 ut

192 1204 298 1281 opinor
310 1227 318 1279 3
339 1207 488 1265 Rhenano
504 1204 600 1264 minor
613 1206 688 1265 fides
702 1203 842 1263 habenda
856 1202 916 1262 erit.

233 1312 253 1383 i,
268 1310 322 1370 tii.
341 1329 386 1388 51.
407 1332 419 1369 1
436 1311 589 1370 uirebatur
604 1330 746 1387 suprascr.
761 1311 927 1368 attrabatur
939 1311 975 1382 A,
994 1310 1148 1368 uirebatur
1160 1309 1192 1381 P,

193 1417 246 1476 sed
265 1417 364 1477 ‘Alias
379 1429 412 1477 ut
426 1418 560 1478 rebatur’
575 1437 664 1494 marg.
682 1418 715 1490 P,
730 1425 766 1476 ut
778 1418 898 1476 rebatur
910 1415 1050 1476 Velleius.

233 1544 260 1596 u,
277 1523 346 1582 iiii.
364 1527 411 1609 84.
430 1545 446 1600 3
466 1525 627 1584 Corinthiis
644 1543 787 1602 suprascr.
809 1524 965 1583 Corinthus
978 1525 1015 1596 A,
1036 1523 1195 1600 Corinthus

193 1629 332 1689 Velleius.

233 1734 291 1795 His
313 1738 436 1796 fortasse
449 1738 624 1797 addendum
641 1737 695 1796 erit
714 1738 799 1813 quod
812 1736 962 1796 interdurn
973 1736 1004 1795 in
1025 1738 1054 1795 A
1070 1734 1194 1812 repperi,

192 1852 224 1902 ut
238 1850 266 1900 et
282 1862 335 1919 per
353 1846 378 1918 d
399 1841 623 1920 compendiario
644 1842 832 1920 significetur,
856 1845 939 1902 uelut
957 1841 974 1902 i.
1002 1862 1045 1915 14.
1069 1863 1084 1900 2
1100 1843 1193 1916 sdt'na

191 1969 333 2025 suprascr.
353 1951 453 2024 setina,
472 1949 500 2009 ii.
523 1971 566 2008 10.
592 1971 608 2008 2
627 1953 732 2025 nodat
745 1969 799 2026 pro
823 1947 971 2029 no(t)etur.
1016 1950 1096 2008 Illud
1115 1968 1195 2008 com-

190 2054 334 2130 pendium
349 2067 423 2132 puto
434 2054 667 2115 Amerbachium
677 2076 713 2115 err
720 2055 786 2132 ipso
803 2055 995 2116 Murbacensi
1015 2054 1196 2131 sumpsisse;

191 2172 308 2220 constat
329 2161 410 2221 enim
433 2161 464 2220 in
487 2160 695 2221 uetustissimis
717 2161 749 2221 id
772 2161 927 2222 codicibus
946 2159 1192 2238 frequentissime,

191 2277 259 2342 post
274 2287 349 2328 saec.
365 2267 405 2326 xii
419 2267 510 2328 rarius
525 2267 682 2344 prouenire
690 2265 709 2327 ¹.

233 2390 258 2449 5.
281 2373 379 2434 Venio
390 2375 430 2434 ad
444 2372 693 2452 orthographiam,
704 2394 764 2451 qua
774 2394 834 2433 una
844 2394 875 2432 re
887 2373 1022 2433 omnium
1031 2372 1193 2433 certissime

191 2478 410 2540 demonstratur
426 2479 606 2557 praestantia
622 2479 854 2540 Amerbachiani
870 2480 1040 2558 apographi.
1083 2483 1125 2540 Vt
1139 2480 1195 2557 pri-

192 2605 274 2643 mum
289 2587 414 2664 allegem
428 2589 511 2664 quod
525 2587 718 2664 praecipuum
733 2598 786 2660 est,
802 2586 911 2646 absunt
925 2586 956 2646 in
967 2587 1139 2647 uniuersum
1154 2586 1193 2668 ab

190 2692 219 2749 A
240 2691 359 2766 pluralis
381 2692 557 2753 nominatiui
578 2693 800 2770 accusatiuique
821 2693 852 2752 in
873 2695 923 2752 ers
946 2704 1095 2766 exeuntes,
1116 2713 1193 2770 quae

190 2798 293 2870 forma,
309 2798 406 2858 Vellei
426 2819 503 2858 aeuo
524 2799 584 2858 iam
599 2800 804 2872 obsolescens,
827 2798 973 2859 rarissime
992 2799 1142 2858 inuenitur
1161 2792 1192 2857 in

190 2903 345 2964 codicibus
360 2905 412 2981 qui
426 2907 465 2965 ad
479 2926 535 2966 nos
550 2905 726 2983 scriptorum
741 2905 863 2966 Tiberio
877 2908 926 2965 uel
940 2909 1076 2983 Augusto
1087 2925 1193 2982 aequa-

189 3009 262 3069 lium
277 3008 474 3087 antiquissimi
488 3013 715 3072 descenderunt.
752 3014 793 3072 At
806 3011 838 3071 in
853 3015 876 3071 P
892 3024 1062 3072 constanter
1076 3014 1136 3072 fere
1150 3011 1193 3090 sic

190 3115 290 3192 scripti
305 3127 392 3176 sunt:
414 3116 554 3177 uidelicet
568 3117 695 3178 credidit
709 3138 745 3178 ea
758 3130 839 3178 aetas
856 3117 943 3197 (saec.
960 3117 1020 3198 xvi)
1036 3117 1078 3177 sic
1092 3117 1191 3194 potius

189 3222 339 3299 scripsisse
354 3222 405 3299 qui
419 3222 514 3299 prima
528 3226 663 3300 exempla
677 3226 784 3284 horum
799 3223 960 3285 ediderant.

229 3328 308 3388 Vide
329 3349 406 3406 quae
427 3330 537 3389 dehac
558 3349 589 3388 re
603 3330 752 3406 congessit
771 3332 866 3403 Neue,
883 3329 1032 3406 suppleuit
1047 3333 1192 3408 Wagener

188 3436 390 3494 Fomenlehre
408 3433 425 3494 i.
442 3454 491 3513 pp.
510 3452 606 3512 245-2
611 3438 648 3512 58
664 3437 710 3496 ed
727 3434 837 3495 tertiae.
882 3439 952 3496 Non
972 3457 1076 3497 uereor
1092 3436 1191 3497 dicere

221 3618 229 3646 ¹
249 3616 369 3665 Recurrit
386 3623 471 3664 tamen
484 3618 515 3666 tin
533 3617 589 3667 aad.
611 3616 752 3664 Bodleiano
776 3615 840 3665 Stati
860 3615 987 3666 Siluarum
1011 3618 1128 3680 (Barlow
1144 3619 1188 3682 23)

187 3713 255 3756 saec.
268 3713 303 3745 xv
314 3697 442 3748 exeuntis.

663 3789 707 3836 xxi
