3050 4350
602 293 757 354 VELLEI
777 294 1019 354 PATERCVLI

313 462 502 524 Antonianae
530 463 630 523 classis
658 483 710 539 per
739 465 781 521 M.
808 460 970 539 Agrippam
995 464 1110 522 Leucas
1135 473 1309 539 expugnata,

313 563 416 620 Patrae
441 571 552 638 captae,
575 559 737 622 Corinthus
759 571 912 637 occupata,
935 558 981 619 bis
1002 571 1072 619 ante
1094 559 1231 619 ultimum
1254 559 1311 620 dis-

285 657 423 719 2crimen
445 657 545 718 classis
566 657 696 718 hostiurn
718 669 860 734 superata
904 677 954 717 rex
973 660 1117 734 Amyntas
1138 656 1261 718 meliora
1281 669 1311 718 et

312 754 428 816 utiliora
441 767 559 815 secutus
572 777 581 829 3
600 775 670 814 nam
691 753 816 814 Deillius
837 753 964 831 exempli
982 753 1028 813 sui
1042 765 1129 814 tenax
1143 766 1176 814 ut
1189 774 1208 813 a
1222 756 1311 814 Dola-

314 853 422 912 bella*
440 873 475 909 a*
495 855 534 913 ad
554 854 712 914 Caesarem
722 874 731 928 ;
751 851 855 930 uirque
874 851 1052 912 clarissimus
1074 853 1130 914 Cn.
1148 851 1308 925 Domitius,
1325 868 1339 918 5

312 951 363 1028 qui
387 953 467 1011 solus
492 949 728 1010 Antonianarum
751 947 877 1026 partium
905 968 1070 1026 numquam
1098 948 1229 1026 reginam
1253 947 1311 1008 nisi

311 1048 433 1109 nomine
454 1046 599 1121 salutauit,
622 1047 751 1107 maximo
773 1058 803 1106 et
824 1045 976 1124 praecipiti
998 1046 1129 1123 periculo
1151 1045 1311 1106 transmisit

311 1148 350 1206 ad
365 1147 530 1207 Caesarem.

259 1233 298 1321 85
352 1243 485 1304 Aduenit
512 1241 622 1303 deinde
650 1240 769 1301 maximi
802 1239 978 1302 discriminis
1007 1240 1079 1314 dies,
1108 1261 1169 1320 quo
1202 1243 1311 1302 Caesar

311 1341 520 1417 Antoniusque
543 1338 694 1417 productis
714 1337 857 1397 classibus
876 1357 929 1415 pro
946 1339 1040 1398 salute
1054 1340 1134 1412 alter,
1150 1338 1180 1396 in
1195 1337 1310 1398 ruinam
1326 1357 1357 1392 10

285 1441 384 1498 ualter
408 1451 547 1499 terrarum
573 1436 652 1498 orbis
680 1435 867 1496 dimicauere.
911 1438 1046 1496 dextmm
1074 1436 1196 1496 nauium
1224 1435 1312 1496 Iulia·

312 1557 415 1596 namm
452 1555 544 1596 comu
580 1537 622 1594 M.
653 1532 743 1593 Lurio
778 1531 979 1606 commissum,
1008 1535 1127 1593 laeuum
1160 1532 1309 1607 Arruntio,

312 1633 460 1711 Agrippae
488 1653 578 1693 omne
606 1631 719 1692 classici
748 1629 926 1691 certaminis·
942 1630 1093 1691 arbitrium
1104 1653 1113 1706 ;
1147 1633 1256 1693 Caesar
1283 1629 1312 1692 ei

312 1731 386 1809 parti
401 1730 573 1803 destinatus,
586 1729 616 1788 in
631 1749 720 1806 quarn
735 1749 754 1787 a
767 1730 885 1788 fortuna
898 1739 1061 1802 uocaretur,
1074 1727 1186 1804 ubique
1200 1731 1308 1789 aderat

313 1827 412 1888 classis
437 1826 551 1887 Antoni
577 1825 707 1903 regimen
736 1824 907 1885 Publicolae
935 1825 1080 1902 Sosioque
1109 1825 1308 1886 commissum.
1326 1846 1356 1897 15

312 1936 342 1985 at
369 1925 399 1984 in
428 1937 503 1985 terra
536 1926 666 1984 locatum
694 1922 853 1983 exercitum
882 1924 997 1982 Taurus
1026 1923 1168 1997 Caesaris,
1198 1922 1311 1984 Antoni

284 2041 298 2088 3
311 2023 431 2099 regebat
446 2020 596 2084 Canidius.
640 2021 693 2080 ubi
707 2020 813 2080 initum
828 2032 977 2080 certarnen
992 2033 1044 2095 est,
1061 2021 1162 2081 omnia
1175 2021 1206 2081 in
1220 2022 1312 2081 altera

314 2131 396 2196 parte
420 2122 509 2192 fuere,
536 2122 603 2193 dux,
629 2117 762 2196 remiges
788 2117 904 2192 milites,
928 2117 958 2177 in
982 2121 1073 2178 altera
1100 2118 1173 2178 nihil
1197 2129 1312 2196 praeter

314 2215 429 2276 milites
462 2215 556 2293 prima
571 2227 697 2292 occupat
711 2217 810 2292 fugam
822 2216 998 2292 Cleopatra:
1013 2216 1162 2276 Antonius
1173 2215 1311 2292 fugientis

312 2313 429 2389 reginae
454 2333 543 2390 quarn
567 2312 724 2390 pugnantis
747 2311 847 2371 militis
872 2312 917 2372 sui
940 2333 1040 2373 comes
1065 2333 1129 2373 esse
1151 2313 1261 2387 maluit,
1281 2325 1311 2374 et
1325 2339 1357 2374 20

312 2409 478 2487 imperator,
495 2409 591 2486 quiin
606 2412 770 2470 desertores
785 2408 897 2468 saeuire
917 2410 1067 2483 debuerat,
1084 2413 1216 2471 desertor
1232 2432 1310 2472 exer-

282 2505 386 2574 4citus
410 2507 455 2566 sui
472 2509 566 2567 factus
583 2517 635 2566 est
677 2505 733 2565 illis
755 2505 844 2566 etiam
864 2509 996 2567 detracto
1018 2507 1114 2585 capite
1134 2507 1166 2568 in
1187 2511 1309 2586 longum

311 2602 469 2663 fortissime
483 2603 635 2680 pugnandi
649 2603 767 2663 durauit
788 2603 954 2663 constantia
972 2616 1002 2664 et
1018 2608 1174 2682 desperata
1187 2606 1311 2667 uictoria

220 2775 222 2780 ι
311 2699 341 2759 in
364 2712 490 2761 mortem
511 2700 714 2761 dimicabatur.
759 2702 877 2774 Caesar,
893 2721 968 2779 quos
993 2703 1069 2762 ferro
1088 2715 1203 2780 poterat
1223 2704 1309 2764 inter-

343 2870 359 2903 a
371 2855 513 2904 Corinthiis
523 2863 643 2917 suprascr.
653 2855 793 2904 Corinthus
804 2855 830 2902 A
898 2871 914 2916 3
925 2855 1050 2918 Amyntas
1064 2857 1189 2908 Gelenius:
1204 2859 1309 2922 Myntas

310 2920 364 2968 ΑΡ
427 2920 581 2968 melioraP:
599 2920 724 2968 meliorA
826 2921 1167 2984 4Deilllusscn'psr‘secutus
1177 2925 1308 2988 Lipsr'um:

311 2987 343 3034 de
360 2986 427 3034 illius
438 2987 506 3035 AP:
533 2986 632 3034 Dellius
649 2986 718 3048 uulg.
735 2991 758 3033 et
773 2986 846 3033 Kn'ta
911 2988 1037 3049 exemplis
1055 2989 1122 3036 uitae
1140 2999 1235 3039 naxuta
1248 2992 1308 3051 AF,

310 3067 367 3100 corr.
382 3052 483 3113 Lipsius
547 3066 563 3112 5
580 3053 696 3098 lamnam
707 3052 820 3114 supplent
829 3068 859 3099 ax
868 3052 927 3101 seu.
939 3052 1041 3101 Suasor.
1055 3055 1070 3102 i.
1085 3069 1098 3114 7
1112 3059 1147 3116 (p.
1157 3073 1172 3116 4
1183 3055 1307 3114 Bursian)

310 3117 473 3165 bellissimam
496 3123 582 3165 tamen
605 3133 658 3164 rem
682 3117 790 3165 Deillius
816 3118 860 3179 (sic
880 3117 929 3164 cod.
949 3118 1126 3180 Bmuellensr's)
1146 3122 1210 3170 dixit
1231 3138 1308 3183 quem

311 3182 420 3231 Messala
433 3183 561 3230 Coruinus
577 3182 733 3230 desultorem
748 3183 870 3230 bellorum
888 3184 998 3231 ciuilium
1014 3191 1097 3244 uocat,
1111 3187 1171 3247 quia
1186 3187 1218 3234 ab
1231 3189 1309 3236 Dola·

310 3248 377 3295 bella
395 3250 426 3296 ad
445 3249 561 3296 Cassium
578 3249 730 3296 transiturus
747 3249 855 3296 salutem
873 3249 920 3296 sibl
939 3257 1028 3310 pactus
1046 3257 1094 3310 est,
1108 3252 1129 3299 si
1148 3251 1307 3303 Dolabellam

310 3314 463 3362 occidisset:
491 3331 506 3362 a
529 3314 619 3362 Cassio
643 3313 737 3362 deinde
760 3315 860 3362 transiit
891 3315 923 3361 ad
943 3315 1092 3376 Antonium,
1115 3318 1253 3367 nouissime
1276 3321 1308 3368 ab

309 3377 425 3427 Antonio
446 3379 580 3439 transfugit
592 3380 624 3426 ad
637 3379 782 3428 Caesarem.
821 3379 897 3426 Verba
909 3396 954 3427 rex
966 3381 1111 3441 Amyntas.
1126 3418 1133 3431 .
1147 3419 1154 3433 .
1167 3386 1309 3434 transmisit

310 3444 342 3490 ad
354 3443 491 3492 Caesarem
502 3444 589 3491 Haase
603 3445 774 3506 transpouebat
784 3450 841 3493 aute
854 3445 897 3491 illa
909 3445 1020 3507 denique
1032 3447 1058 3493 in
1071 3462 1134 3496 ore.
1149 3485 1173 3498 ..
1187 3457 1309 3510 superata

311 3509 492 3568 7periculaA
569 3524 599 3557 12
618 3508 694 3558 Lurio
709 3509 828 3558 Vrsinus:
849 3509 924 3558 Lario
937 3510 992 3558 ΑΡ
1112 3513 1240 3563 Adruntio
1256 3515 1312 3564 ΑΡ

313 3587 342 3634 15
359 3574 466 3622 Antonii
481 3574 541 3632 ΑΡ,
557 3580 579 3621 et
589 3575 623 3622 sic
635 3577 665 3621 16
830 3575 918 3624 Pulico
937 3576 1109 3638 Laesosioque
1126 3579 1181 3627 ΑΡ
1276 3597 1308 3630 aa

311 3640 426 3688 detracto
441 3639 610 3688 Vascosauus:
628 3642 768 3689 detrectato
780 3640 834 3688 ΑΡ

768 3778 800 3842 98
