2810 4350
498 1240 943 1320 PROLEGOMENA

261 1493 357 1553 Vellei
377 1494 522 1554 Paterculi
541 1494 653 1571 primus
670 1493 853 1554 mentionem
870 1493 940 1553 fecit
960 1492 1126 1552 Priscianus
1147 1495 1219 1552 Inst.

222 1601 352 1658 Gramm.
377 1599 413 1658 vi.
439 1603 476 1676 63
501 1599 530 1678 (i.
560 1620 587 1676 p.
614 1603 670 1673 248
700 1599 805 1678 Hertz)
833 1601 880 1659 M.
906 1601 1024 1658 Velleius
1050 1601 1222 1658 Paterculus

220 1707 294 1763 libro
313 1707 352 1764 l:
387 1726 436 1764 nec
461 1707 557 1764 minus
586 1709 683 1764 clarus
714 1726 746 1764 ea
778 1714 937 1782 tempestate
964 1707 1116 1765 Miltiadis
1133 1706 1222 1780 filius

224 1812 334 1870 Cimon.
380 1813 424 1870 Ex
445 1812 504 1870 hoc
525 1831 586 1870 uno
610 1813 784 1887 fragmento,
807 1812 890 1886 quod
914 1810 945 1869 in
971 1809 1076 1870 codice
1102 1810 1222 1868 Murba-

221 1914 302 1974 censi
316 1936 377 1975 non
393 1927 462 1987 erat,
478 1915 574 1975 Vellei
589 1935 771 1992 praenomen
787 1915 981 1992 cognoscitur.

149 2087 152 2108 Ι
261 2022 375 2079 Rursus
397 2019 502 2080 citatus
523 2031 567 2079 est
588 2041 607 2079 a
627 2019 786 2080 scholiasta
807 2019 921 2080 Lucani
935 2019 971 2079 ix.
991 2024 1047 2096 178
1068 2023 1127 2080 Ter
1145 2021 1220 2078 euim

219 2133 330 2184 constat
347 2127 539 2202 triumphasse
556 2127 734 2202 Pompeium,
753 2133 788 2184 ut
804 2127 977 2185 Paterculus
995 2126 1066 2184 driit
1081 2127 1222 2184 scribens:

220 2232 307 2290 huius
321 2233 384 2290 uiri
386 2231 543 2308 fastigium
559 2233 650 2290 tantis
663 2233 772 2290 actibus
776 2231 904 2308 fortuna
915 2233 1028 2305 extulit,
1047 2239 1082 2290 ut
1086 2233 1220 2308 primurn

219 2357 256 2395 ex
269 2337 382 2414 Africa
395 2340 499 2396 iterum
513 2358 549 2396 ex
563 2340 697 2414 Europa,
714 2339 831 2397 tertium
845 2359 881 2396 ex
894 2339 1046 2415 Hispania
1062 2339 1222 2413 triumpha-

219 2452 270 2516 ret,
291 2452 320 2502 et
337 2452 407 2520 quat
417 2453 522 2521 partes
542 2452 636 2504 terrae
656 2452 733 2517 sunt,
755 2446 869 2503 totidem
881 2446 995 2520 faceret
1013 2443 1061 2522 (al.
1076 2441 1222 2521 facerent)

221 2551 394 2608 monimenta
416 2552 552 2610 uictoriae
573 2571 649 2610 suae.
705 2553 791 2610 Haec
814 2551 954 2610 extabant
975 2550 1006 2609 in
1029 2548 1221 2609 Murbacensi

221 2655 248 2715 ii.
276 2677 324 2730 40,
349 2657 401 2716 ubi
429 2657 598 2734 discrepant
622 2659 705 2730 haec,
728 2659 903 2716 auctibus..
921 2703 927 2716 .
941 2659 1080 2733 primus.
1098 2701 1104 2714 .
1122 2701 1128 2714 .
1145 2657 1221 2714 Asia

222 2763 295 2841 (non
312 2761 491 2840 Hispaur'a):
514 2783 590 2840 quae
612 2762 713 2823 omnia
732 2762 935 2822 emendatiora
954 2761 996 2822 sic
1014 2781 1104 2838 quam
1119 2760 1150 2818 in
1166 2763 1222 2819 Lu-

221 2867 288 2927 cani
310 2867 424 2928 scholio
449 2869 556 2929 tradita
578 2881 654 2929 sunt.
701 2869 880 2929 Lectitatum
905 2880 1006 2929 tamen
1030 2867 1121 2928 fuisse
1146 2886 1222 2943 opus

220 2974 317 3035 Vellei
338 2995 400 3034 non
421 2977 530 3034 desunt
550 2996 627 3051 quae
652 2987 802 3036 testentur.
856 2975 971 3035 Primus
993 2986 1138 3052 quantum
1160 2972 1222 3033 scio

221 3081 398 3158 Bernaysius
420 3081 566 3158 perspexit
588 3085 681 3142 multa
699 3094 867 3142 mutuatum
882 3103 917 3142 ex
936 3085 994 3142 hoc
1009 3079 1145 3140 Seruium
1160 3081 1223 3138 Sul-

221 3187 340 3265 picium,
365 3185 566 3248 Christianum
588 3188 791 3264 presbyterum
814 3188 890 3266 (nr),
913 3183 1084 3264 365-425):
1113 3187 1220 3245 horum

220 3314 378 3354 numerum
392 3292 472 3353 auxit
484 3292 596 3352 Elimar
608 3293 702 3352 Klebs
717 3293 747 3352 in
763 3292 910 3369 Philologi
919 3293 1029 3352 uolum.
1046 3290 1117 3350 anni
1135 3294 1220 3367 1890,

221 3423 248 3479 p.
267 3405 322 3478 285
340 3421 415 3477 sqq.,
438 3399 628 3476 ostenditque
647 3411 708 3458 tam
730 3401 898 3475 frequenter
916 3398 1012 3458 Vellei
1037 3398 1129 3458 uerba
1153 3417 1222 3456 con-

220 3507 448 3584 iunctionesque
469 3507 628 3566 uerborum
650 3504 814 3582 Sulpicium
831 3505 1003 3565 adhibuisse
1020 3515 1052 3564 ut
1072 3503 1222 3564 studiosus

221 3614 284 3674 eius
312 3615 405 3673 lector
431 3625 521 3689 atque
549 3611 679 3672 imitator
706 3611 768 3672 iure
793 3611 939 3672 dicendus
967 3611 1011 3670 sit.
1066 3614 1137 3669 Post
1165 3610 1221 3668 hos

223 3719 367 3780 Manitius
396 3739 457 3780 non
486 3739 581 3796 pauca
605 3717 818 3795 Eginhardum‚
841 3717 892 3794 qui
915 3718 1023 3778 Carolo
1046 3719 1158 3792 Magno
1183 3714 1222 3774 ab

695 3840 728 3872 Vll
