3050 4350
702 331 831 390 LIBER
852 330 886 389 II

292 502 455 573 consulem,
472 500 581 560 Caesar
599 510 707 572 autem,
723 501 806 576 quod
826 497 1083 583 animaduertebat
1103 521 1135 562 se
1154 503 1292 563 cedendo

293 597 417 674 Pompei
440 597 549 674 gloriae
570 608 726 657 aucturum
749 617 833 656 suam
858 608 888 656 et
911 596 1025 657 inuidia
1048 599 1216 660 communis
1241 620 1292 676 po

292 695 401 755 tentiae
415 695 446 755 in
460 695 544 754 illum
561 697 688 772 relegata
707 695 948 754 confirmatumm
968 694 1045 755 uiros
1064 717 1139 770 suas,
1156 699 1288 771 Crassus,

291 805 324 853 ut
347 813 437 870 quem
461 793 659 870 principatum
681 795 761 852 solus
785 792 910 869 adsequi
934 814 996 854 non
1020 806 1143 872 poterat,
1167 797 1291 856 auctori-

264 916 277 964 5
291 903 351 951 tate
366 891 499 968 Pompei,
517 891 628 951 uiribus
642 901 755 951 teneret
770 890 912 952 Caesaris.
955 893 1092 952 adfinitas
1112 893 1200 952 etiam
1215 892 1317 956 inters

291 991 450 1051 Caesarem
472 989 710 1066 Pompeiumque
731 1000 883 1050 contracta
903 989 1022 1066 nuptiis,
1039 990 1150 1067 quippe
1168 993 1289 1065 sultam,

289 1087 381 1148 filiam
397 1089 430 1149 C.
448 1087 590 1161 Caesaris
607 1089 662 1150 Cn.
680 1090 809 1164 Magnus
823 1086 906 1146 duxit
921 1108 1050 1148 uxorem.
1094 1088 1125 1147 in
1144 1090 1203 1148 hoc
1222 1109 1319 1163 con-4

290 1188 387 1245 sulatu
410 1187 519 1247 Caesar
543 1188 639 1262 legem
663 1185 738 1258 tulit,
760 1195 793 1244 ut
813 1204 882 1261 ager
903 1186 1076 1263 Campanus
1096 1185 1196 1262 plebei
1217 1186 1291 1246 diui-

290 1284 416 1356 deretur,
432 1303 551 1344 suasore
566 1283 637 1360 legis
652 1282 815 1359 Pompeio:
836 1282 877 1342 ita
890 1283 1005 1343 circiter
1018 1301 1064 1342 xx
1078 1285 1161 1344 milia
1178 1283 1289 1345 ciuium

245 1400 326 1440 1on
348 1382 478 1441 deducta
498 1393 527 1441 et
548 1381 594 1441 ius
615 1380 695 1440 urbis
714 1380 881 1441 restitutum
900 1392 968 1457 post
984 1401 1080 1442 annos
1097 1381 1211 1441 circiter
1225 1399 1288 1440 eLu

289 1498 379 1553 quam
404 1479 484 1539 bello
507 1479 621 1538 Punico
645 1478 684 1538 ab
708 1477 852 1538 Romanis
876 1479 980 1554 Capua
1003 1478 1035 1538 in
1058 1481 1185 1539 formam
1209 1499 1290 1555 prae·

287 1578 417 1636 secturae
451 1580 571 1638 redacta
604 1587 673 1636 erat.
731 1575 864 1648 Bibulus,
893 1579 1006 1653 collega
1040 1575 1183 1650 Caesaris
1219 1597 1315 1652 cum5

287 1674 419 1734 actiones
444 1674 507 1734 eius
530 1675 622 1752 magis
650 1676 740 1734 uellet
763 1673 907 1750 impedire
930 1694 1020 1751 quam
1044 1685 1153 1751 posset,
1176 1673 1288 1735 maiore

288 1784 370 1849 parte
397 1773 469 1833 anni
496 1772 580 1832 domi
608 1793 639 1833 se
664 1771 776 1832 tenuit:
806 1791 867 1848 quo
891 1774 970 1833 sacto
995 1774 1068 1833 dum
1092 1793 1199 1850 augere
1223 1775 1288 1833 uult

243 1885 273 1935 15
287 1869 432 1931 inuidiam
454 1873 592 1948 collegae,
611 1869 691 1929 auxit
711 1869 883 1946 potentiam.
926 1882 990 1929 tum
1010 1871 1130 1933 Caesari
1151 1872 1288 1932 decretae

286 1967 317 2027 in
332 1968 571 2045 quinquennium
586 1968 707 2028 Galliae.

327 2069 383 2127 Per
410 2067 491 2126 idem
520 2078 637 2143 tempus
666 2069 698 2126 P.
725 2065 859 2139 Clodius,
885 2068 977 2127 homo
1005 2067 1123 2140 nobilis,
1149 2067 1284 2142 disertus,
1299 2087 1339 2144 45

286 2166 391 2238 audax,
418 2163 529 2241 quique
558 2164 679 2224 dicendi
708 2182 807 2240 neque
838 2164 968 2224 faciendi
995 2167 1090 2224 ullum
1114 2165 1171 2225 nisi
1196 2186 1287 2242 quem

286 2264 376 2322 uellet
390 2273 492 2322 nosset
506 2264 639 2336 modum,
652 2264 797 2322 malorum
808 2261 1027 2338 propositorum
1042 2275 1196 2323 exsecutor
1209 2284 1287 2324 acer-

241 2377 272 2412 20
286 2359 386 2433 rimus,
401 2359 519 2420 infamis
538 2359 628 2420 etiam
647 2358 754 2420 sororis
773 2370 875 2436 stupro
894 2371 924 2419 et
942 2371 1025 2420 actus
1044 2360 1149 2421 incesti
1163 2381 1229 2422 reus
1244 2364 1285 2423 ob

285 2457 391 2518 initum
406 2457 482 2517 inter
495 2457 713 2534 religiosissima
729 2457 833 2534 populi
848 2457 978 2517 Romani
997 2478 1079 2518 sacra
1097 2460 1284 2534 adulterium,

284 2575 354 2616 cum
377 2555 474 2632 grauis
498 2554 666 2615 inimicitias
688 2575 758 2615 cum
784 2557 826 2614 M.
850 2554 997 2616 Cicerone
1024 2568 1171 2616 exerceret
1197 2557 1284 2638 (quid

283 2652 363 2712 enim
377 2653 454 2713 inter
467 2665 528 2713 tam
543 2652 693 2713 dissimilis
715 2651 846 2712 amicum
865 2672 930 2712 esse
948 2663 1063 2728 poterat
1072 2652 1098 2731 P)
1113 2665 1143 2714 et
1161 2675 1180 2715 a
1198 2656 1285 2732 patri-

283 2751 339 2811 bus
353 2752 392 2811 ad
405 2752 525 2828 plebem
540 2750 698 2823 transisset,
711 2752 806 2827 legem
820 2749 852 2809 in
866 2749 1017 2809 tribunatu
1032 2750 1106 2824 tulit,
1119 2752 1170 2828 qui
1185 2753 1282 2813 ciuem

237 2863 267 2915 25
283 2851 454 2909 Romanum
484 2869 540 2908 nan
569 2851 743 2908 damnatum
771 2847 976 2920 interemisset,
1000 2847 1027 2907 ei
1055 2868 1133 2925 aqua
1160 2861 1190 2909 et
1221 2849 1283 2926 igni

281 2946 520 3008 interdiceretur:
546 2946 629 3006 cuius
652 2945 751 3006 uerbis
776 2945 831 3006 etsi
851 2966 914 3006 non
935 2945 1144 3006 nominabatur
1165 2947 1280 3022 Cicero,

280 3056 381 3104 tamen
396 3047 475 3104 solus
489 3044 653 3121 petebatur.
689 3043 730 3103 ita
743 3043 788 3103 uir
802 3043 915 3120 optime
929 3043 1050 3104 meritus
1065 3046 1148 3104 dere
1163 3045 1283 3121 publica
1298 3076 1310 3109 ι

316 3215 327 3246 1
346 3199 479 3248 consulem
490 3198 516 3244 A
563 3198 638 3248 COS.
651 3197 678 3246 P
740 3198 886 3246 secedendo
897 3197 924 3243 A
998 3214 1013 3258 4
1030 3214 1106 3259 quem
1117 3199 1186 3249 AB:
1203 3202 1248 3261 qui
1259 3202 1286 3250 P

280 3279 296 3325 5
312 3265 410 3313 uiribus
421 3263 459 3314 P:
477 3264 526 3312 uiri
538 3264 637 3312 uiribus
648 3263 702 3310 AB
799 3266 815 3311 6
833 3263 922 3310 Iuliam
934 3263 991 3313 add.
1006 3264 1082 3312 Orelli
1169 3266 1185 3311 8
1202 3273 1230 3314 ut
1241 3265 1282 3316 P:

279 3337 322 3378 aut
334 3330 360 3377 A
460 3347 477 3392 9
494 3345 530 3378 xx
541 3330 634 3378 ciuium
646 3329 691 3379 A:
707 3331 752 3378 x—x.
770 3327 900 3377 ciuiumP
997 3345 1029 3376 10
1044 3329 1114 3376 urbis
1122 3330 1244 3378 Heinsius
1260 3339 1284 3380 el

278 3411 400 3474 Maduig:
427 3412 458 3460 ab
477 3412 518 3460 his
537 3411 606 3460 AP:
630 3428 646 3459 a
666 3425 685 3458 11
706 3411 768 3459 uiris
790 3411 819 3460 G.
836 3410 873 3458 A.
893 3410 963 3458 Koch
1044 3406 1286 3464 mamm-11]

281 3491 310 3524 12
327 3484 382 3525 erat
393 3493 442 3526 om.
455 3477 481 3523 A
583 3491 612 3536 14
630 3477 683 3524 uult
694 3475 749 3523 ΑΡ
857 3476 887 3522 18
901 3477 944 3537 qui
956 3491 1041 3536 neque
1053 3475 1224 3529 Vascosanus:
1241 3480 1286 3528 sed

278 3542 443 3604 anastrophen
463 3543 591 3605 negatiuae
607 3541 692 3590 Velleio
716 3541 851 3589 ue'nde'cauit
873 3540 901 3590 G.
920 3541 945 3587 A
974 3541 1042 3589 Koch
1108 3540 1133 3588 ill
1154 3542 1207 3606 del,
1227 3545 1282 3593 dein

279 3606 392 3656 ullumA
463 3623 493 3668 19
509 3615 633 3655 executor
643 3606 698 3654 ΑΡ
760 3622 792 3654 aa
809 3622 902 3667 graues
914 3605 968 3652 ΑΡ
1031 3622 1063 3668 23
1081 3607 1219 3658 dissimiles
1230 3609 1285 3657 ΑΡ

278 3687 310 3732 25
328 3689 380 3721 non
388 3673 486 3721 addidi:
501 3671 647 3721 damnatum
655 3671 723 3722 AP:
736 3673 909 3720 indemnatum
918 3670 1048 3720 Puteanus
1113 3674 1137 3721 ei
1152 3674 1281 3724 Gelenius:

278 3745 304 3786 et
311 3737 377 3788 AP:
389 3744 417 3787 ut
426 3739 450 3786 ei
458 3739 557 3788 Scn'ner
565 3739 637 3800 :sort
646 3738 671 3786 ei
679 3744 706 3786 ut
755 3740 788 3786 26
799 3738 890 3799 quibus
898 3737 1283 3803 uerbisBurmannprobabiliter

763 3833 797 3895 6³
