3050 4350
689 367 818 426 LIBER
839 366 871 426 II

283 535 427 597 exercitus
455 535 511 597 Cn.
538 545 567 595 et
596 537 627 594 P.
654 533 809 612 Scipiones
831 533 916 595 initio
939 534 1062 595 secundi
1086 533 1157 594 belli
1179 534 1284 595 Punici

283 633 393 693 abhinc
417 653 513 693 annos
535 649 611 707 ch3
639 631 711 692 inde
735 632 815 692 uarie
839 652 976 709 possessa
1004 643 1033 692 et
1060 650 1149 708 saepe
1176 631 1285 692 amissa

282 729 424 807 partibus,
453 728 592 789 uniuersa
623 731 716 789 ductu
749 729 876 806 Augusti
908 730 986 788 facta
1013 727 1202 805 stipendiaria
1230 741 1282 790 est

284 827 497 888 Macedoniam
511 829 629 900 Paulus,
647 826 813 887 Mummius
833 826 988 900 Achaiam,
1004 826 1126 886 Fuluius
1147 826 1312 892 Nobilior5
1335 856 1340 862 ·

255 925 400 1003 ssubegit
421 924 578 997 Aetoliam,
601 923 704 984 Asiam
727 925 759 984 L.
777 922 885 1001 Scipio,
908 923 1040 983 Africani
1060 925 1155 997 frater,
1178 923 1284 1001 eripuit

282 1023 443 1096 Antioche,
459 1024 513 1082 sed
527 1021 674 1082 beneficio
689 1033 808 1082 senatus
827 1021 990 1099 populique
1010 1020 1141 1081 Romani
1162 1042 1232 1082 mox
1245 1023 1284 1082 ab

282 1120 389 1182 Attalis
409 1140 577 1198 possessam
600 1117 741 1201 [regibus]
765 1122 807 1179 M.
829 1122 985 1196 Perpenna
1005 1130 1093 1196 capto
1114 1118 1284 1180 Aristonico

282 1218 352 1279 fecit
366 1216 556 1278 tributariam.
594 1218 708 1294 Cypros
723 1215 841 1277 deuicta
854 1215 963 1276 nullius
977 1216 1162 1294 adsignanda
1175 1216 1285 1294 gloriae
1297 1230 1312 1278 6

284 1327 347 1390 est3
380 1315 492 1392 quippe
524 1325 643 1374 senatus
677 1315 822 1387 consulto,
852 1312 1014 1374 ministerio
1048 1314 1179 1387 Catonis,
1208 1314 1284 1392 regis
1331 1337 1333 1342 ·

239 1439 271 1476 ro
284 1424 387 1486 morte,
406 1432 496 1489 quam
516 1411 565 1471 ille
583 1410 766 1471 conscientia
787 1409 942 1483 acciuerat,
958 1412 1036 1470 sacta
1056 1411 1211 1487 prouincia
1229 1423 1282 1472 est.

284 1512 374 1573 Creta
390 1509 506 1570 Metelli
525 1511 617 1570 ductu
637 1507 825 1586 longissimae
844 1507 986 1568 libertatis
1008 1510 1068 1568 fine
1087 1510 1210 1568 multata
1229 1520 1281 1569 est

283 1608 365 1686 Syria
379 1611 552 1683 Pontusque
567 1607 622 1667 Cn.
640 1604 765 1682 Pompei
778 1604 894 1664 uirtutis
909 1604 1093 1665 monimenta
1107 1617 1183 1665 sunt.
1323 1631 1360 1659 s

323 1705 434 1767 Gallias
457 1703 586 1782 primum
611 1724 630 1762 e
656 1702 790 1763 Domitio
811 1710 838 1761 et
858 1702 960 1775 Fabio,
983 1713 1092 1779 nepote
1113 1702 1206 1777 Pauli,
1229 1703 1279 1781 qui
1295 1715 1337 1773 39

283 1802 490 1880 Allobrogicus
504 1812 628 1862 uocatus
643 1811 696 1874 est,
711 1799 832 1859 intratas
849 1819 918 1859 cum
938 1799 1074 1873 exercitu,
1091 1820 1199 1877 magna
1212 1820 1283 1861 mox

237 1927 269 1978 15
283 1902 369 1961 clade
403 1909 511 1971 nostra,
541 1916 629 1975 saepe
657 1908 687 1957 et
718 1896 934 1957 adfectauimus
966 1908 996 1957 et
1023 1896 1185 1958 omisimus.
1230 1900 1283 1958 sed

282 1996 530 2076 fulgentissimum
546 1997 580 2058 C.
597 1995 732 2058 Caesaris
747 2015 822 2072 opus
837 1994 868 2054 in
887 1994 933 2056 his
952 1994 1133 2072 conspicitur
1142 2019 1151 2071 3
1172 1995 1284 2074 quippe

282 2096 345 2157 eius
368 2098 460 2156 ductu
482 2093 681 2171 auspiciisque
702 2093 842 2153 infractae
862 2112 958 2170 paene
982 2093 1071 2166 idem,
1096 2096 1179 2171 quod
1203 2105 1283 2154 totus

282 2206 423 2254 terrarum
438 2190 533 2264 orbis,
542 2196 560 2252 †
570 2190 712 2268 ignauum
727 2191 884 2250 conferunt
898 2188 1087 2266 stipendium.
1121 2190 1160 2250 ab
1174 2193 1282 2251 eodem
1298 2211 1309 2244 2

281 2294 359 2352 facta
373 2337 380 2351 .
396 2337 403 2352 .
420 2337 426 2350 .
444 2288 631 2350 Numidicus
675 2286 811 2350 Ciliciam
825 2287 995 2364 perdomuit
1013 2287 1159 2348 Isauricus
1171 2299 1201 2348 et
1214 2299 1283 2365 post

319 2462 330 2495 1
349 2445 422 2493 initio
441 2443 481 2492 P:
510 2443 536 2491 in
557 2443 609 2492 otio
627 2451 750 2506 suprascr.
769 2442 849 2492 initio.
870 2442 935 2491 Beat
953 2442 989 2505 A,
1011 2447 1039 2490 ul
1055 2442 1162 2490 dubitem
1177 2444 1239 2491 sine
1254 2460 1284 2491 ex

283 2513 415 2559 avunclum
428 2510 501 2558 Beali
510 2508 629 2562 Rhenani
639 2507 712 2556 initio
719 2508 802 2556 anille
816 2507 850 2555 sic
860 2508 942 2570 legerit
952 2508 1020 2569 quad
1030 2509 1118 2556 eratin
1129 2508 1285 2557 Murbacensi

282 2593 298 2625 a
315 2592 377 2638 sepe
389 2576 415 2622 A
466 2576 561 2623 omissa
573 2573 654 2636 Bergk
751 2576 768 2621 6
784 2573 816 2621 ab
832 2572 925 2622 Attalis
939 2573 1067 2622 Gelenius:
1084 2575 1170 2622 habita
1186 2575 1217 2622 lis
1231 2573 1285 2621 ΑΡ

285 2642 417 2702 qregibus
434 2638 472 2690 P:
496 2639 584 2688 om.A
639 2678 641 2684 ,
684 2639 819 2700 BCyprus
837 2640 950 2700 (Cypros
966 2639 1060 2698 Halm)
1079 2641 1102 2689 d.
1117 2639 1212 2687 nullius
1229 2641 1280 2688 ads.

283 2708 381 2769 gloriae
392 2714 432 2755 est
445 2705 589 2768 (gloriaest)
599 2703 721 2754 Laumnt:
740 2706 826 2766 Cypro
836 2704 937 2752 deuicta
946 2704 1022 2753 nullis
1032 2705 1190 2764 adsignanda
1202 2705 1282 2766 gloria

283 2771 385 2822 estAP
480 2770 647 2833 9plebiscit0
661 2769 737 2818 Cuias
838 2785 865 2817 11
885 2769 1000 2818 finemA
1068 2771 1145 2819 estA
1158 2771 1282 2818 etAcida·

283 2839 347 2886 lius:
372 2837 405 2886 Et
422 2835 449 2883 P
579 2851 609 2883 ra
627 2834 805 2885 monumAP
936 2851 965 2897 13
983 2835 1117 2898 primusA
1195 2835 1281 2885 aadd.

283 2903 369 2951 Aldus
415 2909 441 2950 et
458 2901 515 2951 add.
537 2901 648 2950 Gelenius
700 2900 829 2962 Fabioque
845 2899 948 2949 Vrsinus
1031 2915 1061 2962 15
1078 2901 1208 2950 amisimus
1220 2900 1280 2962 ΑΡ,

282 2985 328 3018 em.
348 2967 468 3016 Heinsius
566 2969 596 3014 16
613 2966 654 3015 his
665 2966 691 3013 A
710 2967 778 3028 quod
786 2971 881 3014 lutatus
895 2972 930 3014 est
944 2967 1060 3030 Thomas,
1074 2967 1103 3015 de
1117 2966 1173 3015 Vell.
1187 2967 1282 3017 uolum.

282 3033 369 3082 condic.
377 3041 406 3097 p.
423 3049 469 3093 14:
486 3031 553 3082 iisP
667 3047 696 3093 η
714 3032 881 3094 auspitiisque
897 3033 1004 3081 infracte
1020 3033 1046 3079 A
1130 3048 1198 3093 pene
1214 3032 1282 3082 AP:

283 3099 360 3160 plane
372 3099 411 3146 uel
421 3098 498 3160 plene
510 3098 645 3145 Burmann
745 3100 776 3146 18
792 3099 911 3158 ignauum
923 3097 989 3147 AP:
1008 3098 1033 3145 in
1045 3098 1170 3147 aerarium
1187 3097 1280 3160 Aldus,

283 3165 351 3227 quod
360 3165 442 3227 παρὰ
456 3163 553 3213 Halm:
571 3165 699 3224 signatum
715 3162 831 3224 Popma:
848 3164 975 3223 ingratum
993 3164 1104 3212 Laurent
1184 3164 1283 3223 stipen-

284 3231 353 3278 dium
373 3229 414 3277 Ab
434 3230 524 3277 eodem
547 3229 612 3277 sacta
632 3229 781 3277 NumidIcus
800 3229 909 3278 Cilitiam
931 3229 1076 3291 perdomuit
1100 3229 1155 3277 uisa
1178 3229 1283 3278 uicisset

283 3303 343 3358 post
363 3295 457 3343 bellum
482 3293 671 3344 Antiochinum.
716 3293 795 3342 Vulso
820 3294 930 3342 Manlius
954 3295 1020 3356 gallo
1045 3295 1139 3355 graecia
1157 3294 1192 3356 A,
1216 3303 1239 3342 et
1259 3294 1286 3341 P

283 3361 410 3423 nisiquod
419 3365 477 3422 post
492 3360 647 3421 stipendium
660 3359 731 3423 plene
745 3360 900 3422 interpunxit,
920 3360 1003 3408 addila
1019 3365 1075 3408 ante
1092 3361 1147 3408 uisa
1164 3361 1281 3411 aslen‘sco.

285 3427 362 3474 Orelli
377 3427 457 3473 locum
479 3426 513 3472 sic
534 3426 627 3488 scn'pnl
648 3424 811 3486 stipendium.
850 3425 1023 3486 Stipendiaria
1046 3426 1078 3474 ab
1101 3427 1193 3474 eodem
1216 3426 1282 3474 sacta

284 3491 411 3540 Numidia.
447 3490 562 3540 Ciliciam
579 3490 723 3552 perdomuit
736 3491 863 3540 Isauricus
878 3499 905 3540 et
921 3499 980 3553 post
995 3492 1088 3540 bellum
1101 3492 1282 3540 Antiochinum

282 3556 361 3605 Volso
372 3557 481 3605 Manlius
490 3555 691 3617 Gallograeciam
701 3574 706 3604 :
716 3556 839 3617 inquibus
847 3563 873 3604 et
880 3557 933 3605 iam
941 3558 1079 3605 Rhenanus
1086 3559 1144 3605 coni.
1154 3558 1181 3604 in
1189 3572 1280 3620 marg,

283 3622 412 3671 Isauricus
419 3622 523 3685 Segouia
530 3622 627 3670 debetur
677 3637 706 3682 19
714 3622 779 3670 facta
791 3621 921 3686 [Numidia
936 3623 1075 3684 prouincia,
1085 3623 1213 3684 equaiam
1222 3623 1281 3670 olim

284 3703 427 3749 cognomen
452 3688 547 3736 uirtute
572 3695 670 3748 partum
691 3687 818 3737 detulerat
837 3687 968 3750 Metellus]
990 3688 1138 3738 Numidicus
1161 3689 1284 3753 suppleuit

283 3753 371 3803 Haase
468 3753 594 3804 Isauricus
607 3760 633 3804 et
644 3753 782 3818 Sigonius:
799 3754 854 3802 uisa
864 3755 969 3803 uicisset
980 3752 1035 3802 ΑΡ

770 3911 801 3966 57
