2810 4350
609 382 738 441 LIBER
759 382 792 441 11

200 548 349 628 reliquiae,
379 548 485 610 Italico
515 549 603 622 bello,
632 567 694 626 quo
724 547 846 625 quidem
876 547 1006 609 Romani
1036 547 1122 609 uictis
1150 550 1201 608 ad·

201 647 348 725 flictisque
375 646 432 723 ipsi
459 645 599 707 exarmati
624 666 714 724 quam
742 644 847 722 integri
875 644 1019 706 uniuersis
1048 645 1199 707 ciuitatem

201 747 272 806 dare
297 746 471 816 maluerunt,
497 744 684 803 consulatum
710 741 838 802 inierunt
863 744 900 817 Q.
924 742 1085 820 Pompeius
1110 754 1139 804 et
1165 745 1198 803 L.

202 841 359 903 Cornelius
383 843 472 914 Sulla,
498 840 543 900 uir
570 839 622 918 qui
650 860 748 918 neque
775 841 814 899 ad
842 841 931 900 finem
961 839 1102 902 uictoriae
1130 841 1200 902 satis

174 937 314 1008 slaudari
341 958 440 1015 neque
466 948 535 1015 post
567 937 721 998 uictoriam
753 936 874 998 abunde
902 937 1060 1015 uituperari
1091 949 1198 1015 potest

201 1035 251 1095 hie
275 1047 362 1096 natus
389 1035 500 1095 familia
526 1034 628 1108 nobili,
657 1045 756 1095 sextus
784 1055 802 1094 a
829 1033 970 1096 Cornelio
999 1036 1119 1108 Rufino,
1149 1034 1226 1113 quia

202 1134 283 1194 bello
304 1133 406 1210 Pyrrhi
427 1133 502 1193 inter
523 1132 729 1194 celeberrimos
751 1134 845 1192 fuerat
865 1134 966 1206 duces,
982 1152 1051 1192 eum
1072 1132 1200 1193 familiae

203 1229 266 1290 eius
288 1229 432 1290 claritudo
453 1229 619 1290 intermissa
635 1240 721 1302 esset,
742 1228 794 1289 diu
811 1228 852 1288 ita
870 1249 903 1289 se
921 1229 1019 1306 gessit,
1035 1239 1067 1289 ut
1088 1231 1200 1289 nullam

203 1327 325 1404 petendi
342 1330 529 1388 consulatum
548 1326 758 1406 cogitationem
775 1327 885 1386 habere
904 1327 1070 1387 uideretur:
1091 1326 1202 1386 deinde
1216 1351 1231 1399 3

160 1447 191 1482 ιο
203 1435 272 1501 post
295 1436 461 1502 praeturam
486 1425 656 1485 inlustratus
680 1425 760 1486 bello
783 1423 889 1484 Italico
913 1434 942 1483 et
962 1435 1032 1483 ante
1052 1423 1084 1483 in
1106 1422 1203 1484 Gallia

203 1521 350 1599 legatione
378 1522 434 1582 sub
459 1521 566 1596 Mario,
592 1541 652 1598 qua
676 1519 926 1581 eminentissimos
954 1521 1046 1580 duces
1070 1518 1201 1580 hostium

202 1621 326 1693 fuderat,
351 1640 388 1680 ex
409 1639 548 1680 successu
572 1618 705 1679 animum
731 1617 857 1695 sumpsit
880 1630 1044 1695 petensque
1069 1621 1203 1678 consula·

202 1727 266 1775 tum
286 1735 382 1793 paene
403 1715 538 1776 omnium
559 1715 670 1776 ciuium
692 1714 834 1792 suffragiis
855 1717 950 1775 factus
971 1726 1016 1776 est
1025 1737 1034 1789 3
1058 1716 1111 1776 sed
1132 1735 1201 1775 eum

202 1815 348 1874 honorem
378 1813 708 1892 undequinquagesimo
737 1812 841 1873 aetatis
872 1833 943 1873 suae
972 1832 1053 1874 anno
1080 1816 1203 1874 adsecu-

160 1923 189 1976 15
203 1923 250 1971 tus
272 1923 323 1972 est

243 2012 299 2069 Per
326 2030 362 2069 ea
386 2019 520 2086 tempora
548 2008 744 2082 Mithridates
774 2008 916 2070 Ponticus
944 2030 1001 2082 rex,
1031 2008 1076 2069 uir
1103 2029 1201 2087 neque
1214 2015 1247 2074 18

202 2104 334 2166 silendus
355 2126 454 2184 neque
472 2105 617 2166 dicendus
635 2105 699 2166 sine
717 2125 796 2180 cura,
814 2107 894 2167 bello
910 2105 1077 2180 acerrimus,
1093 2106 1202 2167 uirtute

203 2201 336 2276 eximius,
359 2202 521 2280 aliquando
543 2205 668 2276 fortuna,
693 2223 809 2280 semper
831 2203 933 2264 animo
956 2203 1109 2277 maximus,
1133 2224 1203 2264 con-

203 2299 274 2360 siliis
289 2301 358 2374 dux,
370 2300 454 2361 miles
469 2321 569 2374 manu,
581 2300 653 2362 odio
667 2301 698 2361 in
714 2304 869 2361 Romanos
881 2301 1044 2375 Hannibal,
1056 2300 1204 2378 occupata

160 2417 190 2450 20
202 2397 275 2458 Asia
301 2398 474 2477 necatisque
501 2398 532 2459 in
563 2419 599 2459 ea
626 2398 766 2459 omnibus
797 2398 914 2459 ciuibus
942 2399 1096 2473 Romanis,
1125 2419 1228 2476 quos2

202 2494 325 2572 quidem
350 2498 456 2556 eadem
480 2495 530 2556 die
553 2507 644 2573 atque
667 2498 741 2556 hora
762 2495 885 2556 redditis
909 2496 1078 2556 ciuitatibus
1099 2496 1202 2558 litteris

202 2591 315 2670 ingenti
343 2613 412 2653 cum
439 2593 652 2671 pollicitatione
679 2593 877 2671 praemiorum
906 2593 1041 2654 interemi
1069 2593 1200 2669 iusserat,

202 2710 264 2768 quo
278 2702 412 2768 tempore
426 2711 524 2769 neque
537 2691 710 2752 fortitudine
723 2693 866 2752 aduersus
882 2690 1087 2752 Mithridatem
1104 2712 1202 2769 neque
1216 2708 1230 2754 3

203 2789 263 2847 fide
277 2787 308 2847 in
328 2791 482 2849 Romanos
500 2789 657 2868 quisquam
678 2788 805 2850 Rhodiis
824 2809 877 2866 par
895 2789 949 2849 fuit
971 2789 1090 2868 (horum
1112 2791 1203 2850 fidem

159 2907 188 2957 ²5
205 2885 453 2962 Mytilenaeorum
467 2886 591 2963 perfidia
604 2885 802 2960 inluminauit,
817 2884 869 2963 qui
884 2889 935 2945 M'.
951 2885 1106 2963 Aquilium
1120 2886 1205 2947 alios-

204 3002 264 3059 que
279 2981 446 3043 Mithridati
459 2983 576 3043 uinctos
591 2983 783 3056 tradiderunt,
799 2982 908 3059 quibus
927 2982 1046 3042 libertas
1066 2982 1097 3042 in
1116 2982 1204 3043 unius

204 3078 398 3156 Theophanis
418 3079 540 3156 gratiam
562 3091 666 3157 postea
686 3101 705 3140 a
726 3079 871 3156 Pompeio
892 3078 1025 3139 restituta
1046 3078 1112 3159 est),
1135 3100 1203 3140 cum

238 3234 411 3284 aexanimati
434 3234 577 3283 Mommsen
642 3235 735 3297 integri
761 3235 897 3283 Heinsius:
928 3234 1034 3294 integris
1058 3234 1126 3283 AP:
1155 3235 1204 3296 ipsi

204 3300 342 3349 exarmatis
359 3315 435 3362 quam
452 3300 545 3361 integri
566 3300 693 3348 uniuersis
713 3299 784 3348 Cobet
857 3300 950 3360 integri
967 3316 1019 3348 non
1037 3301 1135 3348 euersis
1151 3300 1205 3364 Ieep

205 3365 428 3426 ginieruntqueA
441 3381 447 3413 :
464 3366 575 3413 inierunt
586 3364 670 3414 en?
717 3365 784 3426 ΩΒ
865 3365 985 3414 6nobilis
1002 3365 1027 3411 A
1111 3381 1205 3426 9con·

205 3433 302 3480 sulatus
314 3429 566 3493 Novdkpmtabilieer
663 3446 691 3479 11
710 3432 795 3492 legato
807 3428 878 3478 neA
930 3445 981 3491 qua
995 3430 1122 3480 Gelenius:
1140 3447 1205 3492 quae

204 3495 259 3544 ΑΡ
347 3511 377 3557 13
394 3504 496 3545 creatus
508 3496 552 3544 del.
565 3500 721 3558 etsuprascr.
735 3495 854 3544 factusA
957 3496 986 3542 18
999 3501 1057 3560 post
1068 3496 1205 3558 aliquando

205 3561 230 3608 A
249 3562 319 3609 habet
329 3563 446 3625 sm'ptum
459 3562 487 3608 id
494 3561 563 3624 quod
571 3561 671 3624 ambigo
683 3578 745 3609 num
757 3560 928 3624 compendium
939 3562 972 3609 sir
982 3563 1094 3610 uocabuli
1103 3562 1206 3610 alieuius

207 3629 226 3688 (l
236 3628 320 3690 simul)
333 3644 367 3676 an
385 3629 448 3676 duae
463 3627 554 3675 litterae
569 3641 659 3687 erasae,
673 3631 701 3673 ut
709 3631 773 3690 puto
784 3626 814 3675 sl.
913 3640 943 3673 ar
961 3627 1045 3676 liteeie
1059 3627 1206 3676 ciuitatibus

204 3693 321 3740 literisA
336 3691 389 3754 (sie)
463 3709 495 3742 22
512 3690 668 3742 interemiA
746 3708 778 3752 24
795 3691 886 3740 horum
899 3691 1050 3740 fideminA
1119 3706 1151 3753 25
1169 3692 1203 3740 ll.

204 3756 264 3818 ΑΡ,
277 3774 324 3808 em.
339 3758 464 3808 Ruhnken
563 3772 593 3818 ²7
611 3756 731 3819 gratiaA

698 3891 728 3942 35
1047 3867 1082 3928 3*
