2810 4350
623 315 753 374 LIBER
775 316 789 375 I

205 481 340 556 nitamur,
363 482 575 561 conquirimus,
601 482 792 561 sequiturque
813 494 846 544 ut
869 484 1008 561 frequens
1028 502 1064 543 ac
1085 484 1204 544 mobilis

204 579 343 640 transitus
357 579 519 641 maximum
533 581 656 658 perfecti
669 581 766 658 operis
780 581 1029 658 impedimentum
1044 581 1088 641 sit.
1110 589 1112 594 ’

153 737 155 742 .
244 677 363 738 Transit
377 677 533 739 admiratio
546 678 585 738 ab
600 678 778 740 condicione
792 690 960 756 temporum
974 689 1004 739 et
1019 681 1059 738 ad
1073 677 1200 739 urbium.
1217 685 1250 743 18

204 796 264 836 una
278 776 348 836 urbs
363 776 463 836 Attica
480 777 613 854 pluribus
633 777 730 838 omnis
749 777 937 854 eloquentiae
956 797 1046 855 quam
1065 776 1204 837 uniuersa

175 888 189 936 5
204 873 329 933 Graecia
346 874 485 950 operibus
500 895 594 953 usque
613 875 712 935 floruit
729 877 807 936 adeo
827 886 858 935 ut
873 884 997 952 c'orpora
1010 874 1105 953 gentis
1124 874 1202 934 illius

204 982 338 1048 separata
356 971 414 1032 sint
432 972 464 1032 in
482 973 553 1033 alias
571 972 708 1047 ciuitatis,
723 973 842 1050 ingenia
862 993 934 1034 uero
953 973 1023 1062 sqlis
1042 972 1203 1033 Athenien-

204 1069 281 1130 sium
296 1070 387 1130 muris
404 1072 503 1130 clausa
517 1070 674 1132 existimes.
718 1091 816 1148 neque
830 1072 888 1131 hoc
903 1091 959 1148 ego
973 1069 1066 1147 magis
1081 1069 1202 1131 miratus
1218 1075 1240 1124 ι’

204 1169 260 1228 sim
282 1188 372 1245 quam
393 1168 544 1228 neminem
562 1168 706 1246 Argiuum
727 1168 907 1228 Tmbanum
930 1169 1202 1229 Lacedaemonium

204 1277 350 1326 oratorem
361 1277 412 1326 aut
422 1268 496 1330 dum
506 1266 579 1327 uixit
588 1266 762 1327 auctoritate
772 1277 823 1326 aut
837 1277 905 1343 post
919 1277 1046 1327 mortem
1060 1266 1204 1327 memoria

160 1390 191 1425 10
204 1363 328 1441 dignum
349 1363 555 1425 existimatum.
599 1384 676 1444 quae
698 1363 786 1423 urbes
809 1374 838 1423 et
860 1363 891 1424 in
913 1363 1079 1423 imitamina
1099 1364 1233 1432 talium3

204 1461 370 1522 studiorum
397 1464 478 1523 suere
506 1461 627 1536 steriles,
652 1461 710 1522 nisi
737 1461 858 1521 Thebas
889 1482 983 1521 unum
1013 1482 1048 1523 os
1083 1461 1202 1523 Pindari

204 1559 409 1620 inluminaret:
430 1580 500 1620 nam
515 1562 662 1620 Alcmana
676 1562 812 1619 Lacones
825 1560 900 1619 falso
915 1559 971 1619 sibi
985 1558 1147 1620 uindicant.

239 1733 250 1765 1
269 1717 296 1763 in
308 1716 377 1776 quod
390 1715 517 1764 enitamur
527 1716 647 1764 Heinsius
718 1729 734 1774 3
751 1715 783 1762 ad
796 1713 969 1762 conditionem
980 1713 1040 1778 ΑΡ,
1054 1729 1101 1763 em.
1110 1713 1204 1778 Schegk

203 1800 218 1844 4
236 1783 319 1830 omnis
338 1782 451 1843 Fmelich,
469 1781 538 1843 quod
550 1781 668 1844 probauit
682 1780 781 1843 Haupt,
797 1780 887 1828 Hmn.
903 1779 954 1826 viii.
969 1792 1035 1839 177:
1059 1780 1134 1827 annis
1152 1778 1207 1826 ΑΡ

203 1863 218 1909 5
236 1847 357 1910 operibus
376 1862 459 1908 usque
478 1847 594 1910 Popma:
620 1847 792 1908 operibusque
811 1844 866 1892 ΑΡ
880 1844 949 1906 quod
964 1845 1078 1892 minitabat
1095 1845 1203 1907 Haupt:

204 1914 324 1976 operibus
336 1912 422 1960 ssoruit
436 1927 518 1972 usque
530 1913 596 1960 adeo
608 1911 660 1959 iam
671 1911 816 1959 Aa'dalius:
837 1909 949 1971 pluribus
966 1909 1103 1958 luminibus
1120 1910 1203 1958 omnis

203 1996 224 2028 e.
235 1995 260 2042 q.
270 1995 294 2027 u.
303 1979 334 2028 G.
342 1977 515 2039 operibusque
527 1978 552 2025 ss.
564 1977 630 2024 Boot
726 1978 742 2024 6
759 1977 785 2023 in
796 1976 858 2024 alias
870 1975 920 2023 alia
930 1975 1022 2037 Haupt
1086 1976 1203 2025 ciuitates

203 2043 257 2091 ΑΡ
401 2058 415 2105 7
433 2043 483 2091 hoe
500 2058 549 2104 ego
563 2043 607 2090 A:
626 2057 676 2102 ego
692 2041 742 2089 hoc
753 2040 780 2089 P
933 2042 949 2088 8
965 2055 1023 2088 sana
1039 2041 1087 2088 sim
1103 2042 1129 2090 A
1149 2041 1202 2102 (sic)

204 2110 382 2158 theuanumA
512 2123 543 2156 ro
559 2108 783 2168 existimatumque
792 2106 861 2154 AB:
880 2122 904 2156 e.
914 2106 1013 2168 quaeP
1084 2113 1110 2154 et
1122 2105 1206 2156 om.P

204 2176 230 2222 in
242 2176 383 2223 imitamina
394 2174 480 2236 scripsi
487 2190 494 2222 t
514 2175 540 2222 in
553 2173 627 2221 ltalia
638 2173 664 2220 A
675 2190 682 2220 ι
699 2173 797 2220 initalia
807 2172 832 2219 Β
842 2188 848 2220 :
865 2187 915 2220 om.
927 2172 965 2220 P:
986 2171 1013 2219 in
1023 2171 1074 2220 alia
1084 2171 1203 2235 Sauppe:

204 2241 312 2290 eximiae
322 2241 384 2289 alias
393 2240 491 2302 Faehse,
497 2239 617 2303 probantu
626 2238 724 2302 Haupt,
738 2238 827 2288 Herm.
834 2237 886 2286 viii.
897 2252 941 2297 177
991 2237 1080 2284 Italiae
1089 2237 1128 2286 hic
1137 2237 1203 2284 iocus

205 2312 317 2354 nunaut
389 2320 417 2354 11
431 2305 539 2354 nisiBA
552 2322 558 2353 :
572 2303 634 2352 niP
670 2303 942 2366 unum]v.nr·r.A(sic)
1013 2318 1043 2350 ια
1055 2303 1202 2365 postuindi·

204 2379 264 2419 cant
289 2378 406 2421 acciuntur
415 2373 441 2418 in
463 2371 488 2418 Α
515 2369 642 2418 VELLEI
672 2367 870 2418 PATERCVIJ
900 2367 949 2416 AD
977 2366 1012 2416 M.
1037 2367 1201 2416 VINITIVM

205 2437 312 2484 LIBER
329 2436 462 2485 PRIMVS
477 2435 631 2484 EXPLluT
640 2435 689 2495 soi.
708 2445 745 2495 5²,
758 2434 823 2482 Dein
828 2434 878 2495 soi.
887 2431 923 2494 5¹'‚
937 2434 1006 2481 cuius
1016 2433 1099 2480 charia
1111 2432 1205 2495 alioqui

203 2504 410 2616 aratura
429 2499 848 2628 teutpertus
866 2497 1202 2613 astruite}
