2810 4350
607 355 736 414 LIBER
759 356 791 416 11

203 519 334 597 recipere
357 540 390 582 se
417 533 609 598 negauerunt,
631 521 708 584 sicut
732 524 886 599 quondam
911 524 1040 586 Caudini
1062 525 1200 598 fecerant,

203 616 337 680 diceutes
357 618 509 695 publicam
531 618 722 681 uiolationem
744 619 816 682 fidei
835 641 897 682 non
920 622 1030 686 debere
1052 622 1140 686 unius
1160 624 1201 686 lui

203 716 354 794 sanguine.

245 817 404 876 Inmanem
424 813 539 876 deditio
562 814 695 876 Mancini
715 814 842 878 ciuitatis
863 815 958 878 mouit
975 817 1234 880 dissensionem

175 912 315 990 5quippe
335 912 473 975 Tiberius
492 915 654 986 Gracchus,
669 913 772 974 Tiberi
794 914 923 976 Gracchi
941 915 1095 978 clarissimi
1113 927 1203 995 atque

203 1009 429 1071 eminentissimi
457 1010 512 1072 uiri
539 1010 625 1084 filius,
655 1013 686 1070 Ρ.
713 1010 845 1072 Africani
868 1032 905 1074 ex
931 1012 991 1074 filia
1013 1033 1117 1092 nepos,
1142 1034 1203 1092 quo

203 1120 361 1186 quaestore
383 1120 413 1169 et
433 1119 554 1170 auctore
576 1108 608 1168 id
630 1110 736 1169 foedus
760 1108 853 1170 ictum
877 1121 948 1183 erat,
972 1131 1054 1172 nunc
1077 1111 1230 1188 grauiter2

203 1207 301 1267 ferens
319 1205 433 1283 aliquid
446 1226 464 1266 a
478 1226 510 1266 se
524 1207 635 1266 factum
655 1205 804 1279 infirmari,
820 1227 901 1268 nunc
920 1206 1023 1270 similis
1042 1211 1091 1270 uel
1111 1208 1203 1272 iudici

203 1306 253 1364 uel
280 1323 395 1380 poenae
419 1315 556 1364 metuens
584 1302 752 1376 discrimen,
778 1303 913 1366 tribunus
944 1306 983 1384 pl.
1009 1317 1133 1380 creatus,
1159 1305 1203 1366 uir

160 1423 190 1458 ιο
202 1400 314 1479 alioqui
323 1400 385 1462 uita
394 1400 665 1474 innocentissimus,
675 1400 795 1478 ingenio
806 1401 1040 1477 florentissimus,
1050 1403 1203 1482 proposito

203 1497 413 1572 sanctissimus,
438 1498 526 1558 tantis
550 1498 681 1577 denique
701 1500 862 1560 adornatus
885 1499 1052 1574 uirtutibus,
1077 1513 1203 1580 quantas

202 1597 333 1672 perfecta
356 1606 386 1655 et
410 1607 515 1655 natura
539 1606 569 1655 et
596 1595 740 1656 industria
768 1596 899 1658 mortalis
926 1597 1066 1660 condicio
1090 1597 1201 1677 recipit,

205 1696 236 1755 P.
254 1693 359 1754 Mucio
380 1695 523 1754 Scaevola
545 1696 577 1752 L
599 1693 762 1771 Calpurnio
783 1695 956 1756 consulibus
976 1695 1087 1758 abhinc
1107 1717 1202 1760 annos

203 1809 289 1852 curru
309 1790 436 1852 desciuit
456 1811 474 1850 a
496 1790 593 1864 bonis,
608 1791 816 1869 pollicitusque
839 1792 893 1854 toti
916 1793 1020 1856 Italiae
1041 1793 1230 1869 ciuitatem,3

161 1911 191 1962 ¹5
203 1890 292 1951 simul
311 1889 400 1949 etiam
419 1887 611 1966 promulgatis
632 1888 750 1966 agrariis
772 1889 895 1966 legibus,
910 1890 1050 1952 omnibus
1065 1893 1203 1954 tractum

203 1985 494 2064 concupiscentibus,
519 2005 636 2046 summa
658 1985 726 2046 imis
750 1987 869 2048 miscuit
896 1999 926 2048 et
953 1987 985 2050 in
1012 2001 1202 2068 praeruptum

202 2098 292 2163 atque
306 2103 416 2162 anceps
433 2081 598 2160 periculum
616 2082 740 2144 adduxit
758 2104 820 2146 rem
839 2084 999 2162 publicam,
1015 2085 1203 2164 Octauioque

201 2188 334 2262 collegae
347 2203 402 2261 pro
415 2183 498 2244 bono
511 2181 633 2259 publico
648 2182 737 2243 stanti
751 2182 908 2260 imperium
926 2183 1088 2262 abrogauit,
1104 2185 1204 2248 trium·v

202 2283 282 2344 uiros
303 2282 379 2360 agris
407 2280 578 2343 diuidendis
606 2281 792 2359 coloniisque
820 2282 1005 2344 deducendis
1032 2283 1143 2346 creauit
1170 2305 1202 2345 se

160 2410 190 2445 πο
203 2400 399 2458 socerumque
421 2399 517 2452 suum,
538 2381 725 2440 consularem
746 2378 887 2457 Appium,
903 2390 933 2440 et
954 2378 1063 2444 Gaium
1083 2382 1200 2444 fratrem

202 2480 367 2540 admodum
381 2477 530 2538 iuuenem.

243 2579 323 2636 Tum
344 2578 376 2634 P.
400 2573 500 2652 Scipio
525 2572 643 2647 Nasica,
670 2573 733 2634 eius
757 2573 809 2651 qui
833 2574 963 2652 optimus
987 2574 1033 2636 uir
1055 2595 1074 2638 a
1098 2577 1233 2638 senatu3

202 2673 349 2735 iudicatus
363 2683 433 2745 erat,
449 2689 552 2749 nepos,
568 2671 631 2732 eius
651 2671 702 2749 qui
722 2691 828 2733 censor
848 2672 980 2750 porticus
999 2673 1031 2734 in
1053 2672 1202 2754 Capitolio

202 2773 320 2843 fecerat,
346 2769 432 2842 filius,
458 2789 608 2847 pronepos
629 2780 729 2830 autem
755 2771 810 2832 Cn.
837 2770 993 2848 Scipionis,
1018 2769 1202 2834 celeberrimi

160 2892 188 2941 ²5
203 2868 258 2931 uiri
276 2870 307 2927 P.
324 2866 455 2930 Africani
471 2866 576 2944 patrui,
592 2866 616 2928 is
633 2866 825 2945 priuatusque
843 2879 874 2928 et
892 2879 1017 2946 togatus,
1033 2888 1102 2932 cum
1125 2879 1203 2932 esset

237 3039 249 3072 r
267 3021 449 3082 feceruntAP‚
463 3037 510 3071 em.
522 3021 643 3070 Hn'nsr'us
734 3035 750 3084 5
767 3021 822 3072 Tib.
834 3021 874 3070 P:
886 3021 999 3084 Tempus
1008 3023 1044 3086 A,
1057 3022 1128 3084 quod
1137 3022 1201 3072 mae-

202 3096 246 3139 tur
254 3105 304 3137 esse
313 3087 352 3137 Ti.
362 3087 531 3148 Sempronius
593 3087 740 3136 Graacchus
752 3087 807 3152 (sed
810 3093 870 3151 post
880 3103 979 3136 erasum
990 3089 1113 3152 gracchu)
1123 3088 1201 3139 Tibur

1187 3166 1201 3195 ΙΙ

202 3205 329 3255 GracciA
412 3201 652 3264 6queq3qqu(
674 3203 697 3267 ¹)
779 3202 953 3264 9intuensA
1031 3218 1061 3264 14
1078 3202 1202 3254 desciuit·

201 3271 227 3318 A
241 3271 294 3336 (αὶ)
371 3282 400 3329 15
417 3267 511 3317 sactum
523 3269 548 3316 A
560 3283 567 3314 :
589 3274 684 3316 statum
696 3268 736 3315 P:
753 3268 838 3316 statim
852 3268 963 3317 German
972 3285 979 3317 r
988 3269 1049 3329 son.
1065 3270 1200 3319 certiorem

201 3343 295 3385 statum
356 3334 511 3383 Sententiam
523 3333 620 3380 Boacler
632 3333 762 3396 explanarunt
777 3350 807 3382 ex
818 3333 865 3384 Cr'c.
878 3333 941 3382 Sese.
955 3334 995 3393 48.
1010 3349 1056 3396 103
1066 3334 1200 3396 Agrariam

201 3402 240 3454 Ti.
253 3400 385 3451 Gracchus
401 3400 484 3460 legem
502 3398 617 3447 serebat:
644 3405 717 3459 grata
733 3405 789 3446 erat
807 3398 921 3461 populo:
944 3399 1062 3448 fortunae
1078 3401 1199 3452 constitui

201 3467 345 3517 tenuiorum
362 3465 521 3526 uidebantur,
536 3468 558 3510 et
572 3462 629 3514 Vell.
642 3464 667 3512 ii.
681 3479 720 3525 72.
732 3477 747 3525 5
764 3464 861 3513 nullum
878 3463 1028 3516 habentibus
1039 3473 1134 3516 statum
1145 3468 1200 3528 qui-

201 3532 264 3582 libet
280 3534 334 3581 dux
351 3537 406 3580 erat
429 3526 537 3580 idoneus
638 3543 666 3590 17
684 3530 766 3591 adque
779 3530 805 3577 A
915 3530 945 3577 18
961 3530 1076 3592 publicos
1093 3533 1156 3582 tanti
1173 3533 1199 3580 A

201 3599 255 3648 abr.
267 3597 307 3646 P:
333 3596 468 3658 adrogauit
484 3596 535 3643 BA
610 3595 751 3657 triumphet
769 3595 911 3660 (einana)
929 3595 1069 3646 triumuiro.
1088 3598 1159 3646 sanis
1172 3597 1198 3644 A

203 3663 256 3726 (sic)
358 3677 388 3724 19
404 3661 553 3722 colonisque
565 3660 667 3725 Lipsius
763 3676 797 3710 ao
813 3667 840 3710 et
851 3661 995 3710 Gracchum
1009 3662 1148 3727 (Grachum
1160 3661 1201 3724 A)

201 3729 306 3778 fratrem
318 3728 376 3792 ΑΡ,
389 3743 448 3777 carr.
460 3727 544 3777 Halm
646 3742 678 3786 24
695 3725 763 3791 fe(oe
775 3727 887 3790 A)cerat
898 3727 965 3778 AP:
982 3735 1090 3778 uouerat
1101 3727 1200 3783 Bentley

201 3810 233 3857 25
251 3801 356 3857 patruus
367 3794 421 3842 ΑΡ
429 3811 434 3841 :
452 3793 537 3855 patrui
548 3793 570 3841 is
581 3791 673 3855 Aldus,
687 3791 716 3854 cf.
730 3792 755 3844 ii.
768 3809 791 3854 4.
805 3808 816 3840 1

691 3903 718 3940 ²1
