3050 4350
597 299 752 359 VELLEI
775 299 1015 360 PATERCVLI

312 465 427 526 Antoni
440 464 573 525 animum
588 464 719 542 partibus
734 464 797 525 eius
812 485 844 526 se
855 464 1028 540 miscuisset,
1041 478 1162 544 rogante
1173 468 1310 540 Caesare,

313 575 346 623 ut
360 585 461 624 seeum
476 566 515 624 ad
534 564 645 624 bellum
667 563 900 641 proficisceretur
918 564 1092 624 Actiacum:
1115 586 1189 639 mea,
1205 565 1310 642 inquit,

312 660 344 720 in
368 659 534 721 Antonium
559 659 671 720 maiora
695 659 799 720 merita
826 671 903 733 sunt,
926 659 1004 721 illius
1032 661 1062 720 in
1091 682 1139 722 me
1167 661 1312 722 beneficia

312 757 447 832 notiora;
480 757 580 834 itaque
608 755 778 818 discrimine
806 769 906 818 uestro
933 778 982 819 me
1009 759 1181 819 subtraham
1203 771 1233 819 et
1261 779 1311 819 ero

313 857 424 932 praeda
437 853 564 914 uictoris.
1326 868 1339 917 5

215 1001 218 1007 .
261 953 299 1028 87
354 951 500 1012 Proximo·
513 951 623 1012 deinde
641 972 721 1012 anno
742 964 913 1029 persecutus
934 952 1065 1029 reginam
1086 953 1312 1030 Antoniumque

313 1049 532 1122 Alexandriam,
562 1047 696 1108 ultimam
731 1048 816 1108 bellis
844 1048 980 1109 ciuilibus
1011 1049 1152 1127 imposuit
1180 1071 1310 1110 manum.

313 1147 462 1207 Antonius
477 1167 509 1206 se
523 1145 586 1223 ipse
601 1166 662 1206 non
677 1145 804 1223 segniter
822 1145 978 1220 interemit,
994 1150 1070 1208 adeo
1085 1159 1118 1207 ut
1132 1150 1225 1207 multa
1238 1147 1314 1208 desi-

314 1245 382 1306 diae
397 1244 520 1305 crimina
539 1255 634 1304 morte
649 1244 812 1304 redimeret.
839 1256 869 1303 at
888 1245 1047 1322 Cleopatra
1059 1245 1202 1308 frustratis
1217 1256 1313 1305 eusto-

309 1342 402 1403 dibus
417 1342 508 1401 inlata
521 1340 633 1417 aspide,
646 1339 676 1400 in
689 1361 789 1400 morsu
803 1339 944 1418 sanieque
959 1340 1030 1414 eius,
1046 1361 1149 1418 expers
1160 1341 1312 1401 muliebris
1329 1359 1358 1392 10

285 1451 411 1502 ametus
434 1437 568 1516 spiritum
593 1436 729 1497 reddidit
773 1435 887 1513 fuitque
910 1449 940 1496 et
963 1439 1080 1497 fortuna
1104 1450 1134 1498 et
1156 1438 1314 1498 clementia

315 1535 449 1599 Caesaris
470 1534 603 1612 dignum,
619 1537 701 1612 quod
723 1554 813 1594 nemo
834 1554 870 1594 ex
890 1533 934 1607 iis,
949 1534 1001 1611 qui
1021 1546 1125 1595 contra
1144 1555 1214 1595 eum
1232 1555 1314 1595 arma

315 1635 449 1705 tulerant,
472 1632 511 1691 ab
532 1651 568 1691 eo
589 1630 709 1691 iussuue
730 1630 793 1690 eius
818 1629 1010 1708 interemptus
1034 1640 1081 1691 est.
1126 1635 1163 1692 D.
1189 1636 1314 1692 Brutum

314 1729 428 1790 Antoni
439 1728 586 1789 interemit
597 1727 761 1788 erudelitas.
799 1730 919 1788 Sextum
935 1728 1111 1806 Pompeium
1125 1730 1164 1789 ab
1179 1733 1313 1791 †eodem

315 1827 427 1888 uictum
452 1827 533 1887 idem
555 1825 713 1898 Antonius,
740 1846 808 1885 eum
833 1825 982 1902 dignitatis
1005 1847 1126 1905 quoque
1150 1832 1313 1889 seruandae
1328 1844 1357 1894 Ι5

288 1925 446 2005 3dedisset
466 1926 565 1996 fidem,
590 1922 679 1983 etiam
700 1922 803 1999 spiritu
827 1922 961 2001 priuauit
1006 1927 1114 1984 Brutus
1139 1937 1169 1985 et
1193 1926 1313 1987 Cassius

314 2033 392 2094 ante,
408 2041 498 2097 quam
513 2019 659 2080 uictorum
674 2019 872 2096 experirentur
886 2019 1028 2094 animum,
1040 2022 1206 2082 uoluntan‘a
1220 2035 1314 2084 morte

315 2118 460 2179 obierunt.
514 2116 628 2177 Antoni
651 2118 885 2195 Cleopatraeque
908 2117 974 2195 quis
997 2118 1082 2178 fuerit
1105 2119 1198 2180 exitus
1220 2142 1315 2182 narra-

315 2217 421 2277 uimus.
466 2215 609 2278 Canidius
631 2215 762 2276 timidius
783 2216 918 2290 decessit,
935 2237 1025 2293 quam
1046 2219 1221 2296 professioni
1241 2221 1313 2295 eius,

316 2336 375 2392 qua
389 2336 506 2393 semper
520 2335 590 2375 usus
609 2326 678 2388 erat,
695 2316 884 2392 congruebat.
927 2315 1048 2377 ultimus
1066 2330 1166 2378 autem
1180 2340 1216 2380 ex
1230 2320 1316 2380 inter-
1331 2342 1362 2376 πο

316 2414 475 2474 fectoribus
499 2413 632 2475 Caesaris
652 2413 819 2474 Parmensis
837 2414 957 2476 Cassius
979 2428 1074 2477 morte
1088 2437 1200 2494 poenas
1222 2419 1314 2493 dedit,

316 2522 350 2571 ut
364 2514 486 2571 dederat
500 2510 668 2571 Trebonius
675 2513 802 2588 primus.

262 2610 302 2668 88
358 2611 440 2667 Dum
468 2607 602 2668 ultimam
637 2609 717 2669 bello
752 2608 877 2670 Actiaco
911 2611 1172 2690 Alexandrinoque
1207 2616 1317 2675 Caesar

350 2779 361 2811 1
380 2763 488 2810 Antonii
499 2762 554 2809 ΑΡ
617 2764 761 2812 miscuisset
772 2764 842 2813 BA:
859 2765 1040 2814 immiscuisset
1051 2766 1078 2813 P
1140 2784 1156 2815 a
1172 2769 1316 2817 Actiacum

314 2829 340 2875 A
409 2844 424 2887 4
441 2829 655 2886 discrimineAP,
665 2834 692 2876 ut
704 2828 773 2892 Verg.
781 2829 845 2878 Aen.
856 2831 887 2878 vi.
898 2834 953 2892 465,
963 2833 1012 2892 698
1023 2849 1029 2880 ε
1042 2833 1179 2881 discrimini
1187 2835 1318 2882 Acidaliae

315 2894 442 2942 6deinde
460 2893 529 2942 BA:
558 2910 606 2945 om.
624 2895 651 2942 P
748 2895 970 2956 7Alexandream
993 2896 1043 2944 BA
1145 2901 1318 2960 9redemerit

315 2960 398 3006 Halm
477 2975 508 3007 10
525 2960 696 3020 aspidemA:
713 2961 801 3021 aspide
814 2960 894 3008 inB:
912 2962 1039 3022 aspideP
1114 2965 1317 3028 morsussA(sr'c)

315 3041 379 3073 sane
398 3025 453 3073 eius
472 3024 564 3072 ABP:
586 3026 707 3087 sanieque
726 3027 782 3077 eius
799 3025 834 3076 Io.
848 3026 881 3075 Is.
895 3025 1042 3076 Fontanus:
1060 3036 1086 3076 et
1098 3031 1170 3077 sanie
1184 3031 1239 3078 eius
1250 3029 1317 3078 Bur-

316 3106 415 3139 mann:
432 3106 496 3137 num
514 3106 612 3138 morsus
631 3091 705 3138 sanie
719 3091 791 3141 eius?
890 3092 1003 3141 mulieris
1023 3092 1048 3140 A
1168 3111 1198 3142 12
1216 3096 1256 3143 his
1267 3095 1322 3143 ΑΡ

318 3171 348 3216 13
363 3156 433 3204 iussu
442 3172 474 3203 ue
485 3155 520 3217 A,
532 3155 576 3202 sed
584 3156 722 3218 interposito
730 3157 742 3202 s
746 3157 814 3219 quod
823 3156 905 3204 dubito
913 3173 946 3205 an
958 3173 970 3205 s
974 3158 1072 3218 suen't,·
1088 3165 1145 3206 certe
1154 3162 1225 3208 solito
1237 3161 1322 3208 minor

316 3227 357 3280 est,
366 3223 465 3268 tametsi
474 3226 556 3268 contra
570 3221 690 3269 Orellr'um
702 3223 842 3270 Feclrtersri:
852 3223 933 3285 legen't
944 3225 1060 3272 iussusue
1127 3233 1167 3273 est
1179 3226 1233 3274 add.
1244 3227 1322 3275 Orelli

319 3302 348 3347 14
365 3286 474 3334 Antonii
485 3285 539 3332 ΑΡ
618 3287 650 3334 ab
660 3286 730 3336 AB:
749 3287 782 3336 ob
793 3288 833 3336 P:
850 3288 881 3335 ab
893 3304 924 3336 eo
936 3289 1066 3337 deuictum
1076 3289 1209 3338 An'dalr'us
1222 3294 1252 3355 (2)
1265 3309 1271 3340 :
1288 3292 1319 3340 ab

317 3353 409 3399 eodem
421 3353 515 3400 uictum
526 3351 698 3414 interpolatum
712 3359 780 3400 ratus
792 3359 827 3400 est
841 3353 929 3402 Nova'k
1030 3369 1059 3414 15
1077 3358 1219 3404 seruandae
1230 3373 1280 3404 om.
1291 3356 1316 3404 A

319 3418 349 3464 16
362 3423 420 3478 post
428 3418 504 3464 etiam
515 3433 614 3465 erasum
626 3419 696 3465 esim
707 3417 732 3464 A
748 3435 785 3478 pr.
793 3420 916 3466 nimirum
927 3421 1060 3481 scripturus
1074 3421 1161 3480 fuerat
1179 3422 1318 3469 Amerbaclr

317 3483 427 3543 priuauit
450 3483 547 3544 spiritu,
568 3483 656 3530 melius
677 3483 747 3544 ,credo
771 3484 807 3531 ad
821 3500 912 3530 sonum
935 3491 1008 3546 atque
1028 3487 1156 3547 emphasin
1290 3489 1320 3535 18

317 3549 467 3607 Cleopatrae
485 3564 550 3609 quae
567 3547 594 3595 A
694 3549 770 3596 suerit
787 3565 816 3595 ex
832 3549 922 3597 luisset
939 3549 984 3598 A:
1002 3551 1091 3599 luisset
1107 3550 1134 3598 P
1248 3569 1278 3614 19
1295 3554 1320 3601 ei

317 3612 423 3742 Ξῖιξιέιιξε
521 3629 552 3660 aa
570 3614 665 3674 primus
677 3614 830 3664 add.Aldns
840 3615 946 3677 sedpost
957 3617 1064 3664 dederat
1146 3632 1178 3678 23
1195 3617 1319 3682 Actiacae}

790 3794 836 3829 100
