3050 4350
670 357 799 416 LIBER
821 358 854 416 II

263 524 417 585 noxiorum
439 524 583 586 ultionem
605 525 683 586 mitis
704 525 828 586 aliorum
848 525 999 604 castigatio
1019 527 1102 587 breui
1117 525 1205 604 sopiit
1225 547 1260 586 ac

263 621 386 682 sustulit.
430 643 491 700 quo
518 622 640 700 quidem
668 631 801 701 ternpore
828 635 861 684 ut
889 627 1028 702 pleraque
1063 645 1119 684 non
1154 625 1288 702 ignaue4

264 719 466 792 Germanicus,
489 719 529 780 ita
551 723 674 794 Drusus,
698 720 749 796 qui
770 741 788 779 a
808 732 890 798 patre
911 721 941 780 in
963 722 994 783 id
1015 722 1112 800 ipsum
1133 722 1261 800 plurimo

263 816 385 893 quidem
406 817 473 894 igne
494 817 625 878 emicans
646 817 818 878 incendium
840 819 971 880 militaris
992 823 1135 880 tumultus
1154 821 1261 881 missus

235 933 248 980 5
263 924 332 987 erat,
348 913 444 991 prisca
456 915 637 992 antiquaque
651 915 807 975 seueritate
821 936 900 989 usus,
916 915 1056 993 ancipitia
1069 917 1126 977 sibi
1140 928 1261 996 tamque

262 1031 293 1071 re
317 1031 407 1088 quam
430 1015 566 1090 exemplo
588 1011 761 1090 perniciosa,
785 1024 814 1072 et
836 1011 882 1072 his
904 1012 975 1090 ipsis
998 1013 1125 1074 militum
1147 1015 1260 1091 gladiis,

262 1107 371 1184 quibus
386 1110 525 1168 obsessus
548 1121 617 1182 erat,
633 1108 797 1169 obsidentis
816 1109 954 1183 coercuit,
971 1109 1109 1188 singulari
1126 1111 1287 1184 adiutore5

264 1205 293 1264 in
316 1226 352 1265 eo
374 1205 495 1283 negotio
517 1227 587 1266 usus
613 1205 702 1267 Iunio
725 1207 840 1280 Blaeso,
866 1207 931 1266 uiro
955 1207 1069 1268 nescias
1091 1209 1208 1270 utiliore
1230 1210 1261 1270 in

264 1301 364 1362 castris
378 1323 417 1362 an
432 1303 553 1363 meliore
567 1303 598 1362 in
612 1315 697 1380 toga:
720 1303 771 1380 qui
785 1314 853 1380 post
867 1324 979 1381 paucos
992 1325 1087 1365 annos
1102 1309 1262 1382 proconsul

221 1420 250 1454 ιο
263 1399 293 1458 ἱη
311 1399 411 1459 Africa
429 1412 603 1460 ornamenta
623 1400 811 1477 triumphalia
832 1421 900 1460 cum
922 1401 1120 1479 appellatione
1140 1402 1263 1480 impera-

263 1496 338 1556 toria
365 1497 478 1557 meruit.
529 1508 559 1557 at
588 1497 749 1575 Hispanias
774 1497 1024 1575 exercitumque*
1043 1521 1057 1554 a
1074 1499 1262 1560 *uirtutibus

264 1594 513 1672 celeberrimaque
527 1595 558 1654 in
574 1595 692 1672 Illyrico
706 1595 810 1655 militia
828 1595 1035 1672 praediximus,
1051 1617 1121 1656 cum
1138 1596 1262 1674 imperio

265 1691 419 1765 obtineret,
435 1691 465 1750 in
481 1713 598 1752 summa
612 1712 686 1769 pace
699 1701 729 1751 et
740 1691 840 1769 quiete
859 1693 1013 1766 continuit,
1030 1715 1099 1754 cum
1120 1693 1147 1754 ei
1168 1694 1262 1771 pietas

264 1788 426 1848 rectissima
446 1789 594 1850 sentiendi
611 1800 640 1849 et
661 1789 819 1849 auctoritas
841 1809 917 1866 quae
938 1790 1084 1850 sentiebat
1106 1790 1262 1851 obtinendi

221 1907 249 1956 15
265 1898 436 1962 superesset.
480 1887 564 1946 cuius
588 1907 689 1946 curam
713 1907 749 1946 ac
771 1889 862 1948 fidem
888 1888 1045 1947 Dolabella
1067 1909 1195 1965 quoque,
1218 1889 1263 1948 uir

264 1983 458 2060 simplicitatis
480 1983 731 2061 generosissimae,
754 1983 785 2043 in
808 1983 954 2044 maritima
975 1996 1057 2061 parte
1082 1983 1190 2062 Illyrici
1211 2005 1264 2062 per

265 2081 366 2141 omnia
379 2081 509 2142 imitatus
524 2093 575 2142 est.

306 2182 425 2239 Horum
446 2198 500 2238 xvi
522 2200 669 2240 annorum
690 2199 780 2256 opera
801 2179 868 2256 quis
889 2200 958 2239 cum
979 2179 1148 2257 ingerantur
1168 2181 1331 2241 oculis126

264 2275 430 2354 animisque
444 2277 587 2349 omnium,
605 2274 659 2357 [in]
675 2276 807 2353 partibus
822 2273 998 2354 eloquatur?
1022 2278 1146 2337 sacrauit
1160 2299 1262 2354 paren-

221 2396 252 2430 20
264 2384 324 2432 tem
340 2394 426 2433 suurn
441 2376 551 2435 Caesar
565 2395 626 2434 non
640 2372 772 2450 imperio,
789 2376 842 2434 sed
856 2373 1004 2451 religione,
1020 2395 1082 2434 non
1102 2375 1262 2452 appellauit

265 2490 342 2544 eum,
358 2472 411 2531 sed
430 2469 499 2530 fecit
522 2473 620 2530 deum.
664 2481 802 2531 reuocata
820 2470 850 2529 in
865 2473 961 2532 forum
976 2473 1059 2544 fides,
1075 2484 1224 2533 summota
1244 2493 1288 2533 e2

299 2641 310 2673 1
330 2627 463 2674 noxiorum
484 2626 623 2674 Geonoueus
635 2628 703 2690 prob.
723 2627 849 2677 Bentleeb:
869 2634 1011 2676 nostrorum
1028 2627 1082 2674 AP
1176 2644 1192 2675 a
1210 2645 1261 2677 non

265 2691 364 2740 addt'eli:
387 2708 471 2753 gnaue
490 2692 635 2740 Salmasius
649 2699 671 2740 et
683 2693 791 2754 Bentley.
825 2693 897 2740 Huic
908 2694 955 2740 uni
966 2694 1015 2740 loco
1032 2693 1159 2756 adscn'psu't
1178 2693 1260 2744 Bentl.

265 2757 324 2820 ‘fo‚’
337 2758 361 2806 lt.
373 2774 392 2808 e.
405 2758 530 2807 sortasse:
548 2759 629 2819 itaque
639 2775 690 2806 nou
703 2759 818 2820 probauit
832 2763 963 2820 tamquam
975 2759 1092 2820 alanum,
1109 2759 1154 2805 sed
1159 2761 1263 2820 protulit

265 2828 398 2883 tamquam
408 2839 486 2870 suum
496 2839 502 2870 z
514 2823 613 2884 ignouit
624 2824 659 2872 ed.
672 2823 766 2884 Bipont
829 2839 845 2884 3
858 2824 959 2871 Drusus
968 2824 1080 2871 Gelenius
1091 2841 1096 2871 :
1108 2823 1202 2872 Brutus
1211 2825 1266 2872 ΑΡ

265 2889 373 2948 plurimo
384 2890 486 2949 quidem
505 2888 569 2938 AP:
587 2889 747 2949 plurimoque
759 2890 826 2936 idem
843 2890 884 2936 uel
897 2889 1005 2950 plurimo
1017 2889 1114 2949 pridem
1126 2889 1262 2938 Heinsius:

265 2968 280 3012 5
298 2961 400 3014 tamque
417 2970 445 3002 re
460 2955 546 3015 scn'psi
554 2971 560 3002 ε
583 2960 634 3002 tam
650 2971 678 3003 re
689 2954 729 3002 Pe
749 2955 840 3002 timere
853 2954 923 3003 AB:
940 2953 1027 3001 maluit
1045 2961 1133 3002 tenere
1147 2954 1261 3018 Madut'g,

265 3019 332 3080 quod
341 3035 429 3067 uerum
445 3035 495 3067 uon
510 3019 576 3066 mdo
674 3036 688 3081 7
706 3020 847 3067 obsidentis
863 3020 889 3066 A
982 3022 997 3066 8
1015 3019 1092 3066 Bleso
1103 3019 1157 3066 ΑΡ
1246 3037 1263 3082 9

264 3092 358 3162 proc—os
375 3100 401 3147 A
504 3115 536 3148 10
551 3100 625 3161 apell.
642 3100 668 3147 A
774 3116 801 3148 11
821 3101 899 3150 atA:
922 3102 1007 3150 adB:
1024 3101 1092 3148 acP
1201 3101 1264 3148 Post

265 3167 455 3226 exercitumque
477 3165 586 3228 Madm'g
606 3167 723 3213 lacunam
741 3167 833 3227 statuet,
854 3183 931 3228 quam
950 3167 985 3213 sic
999 3167 1102 3227 expleuit
1116 3167 1142 3213 in
1157 3166 1187 3212 iis
1205 3182 1261 3213 cum

266 3232 299 3280 M.
320 3232 437 3293 Lepidus,
457 3233 489 3279 de
507 3231 578 3278 cuius
597 3232 757 3293 probabiliter,
785 3231 860 3278 iudice
880 3233 994 3279 Elimam
1009 3231 1083 3278 Klebs
1100 3233 1126 3278 in
1142 3231 1262 3293 Pmsopo.

261 3298 368 3360 graphia
384 3296 499 3345 Romani
511 3297 604 3358 Impen'
618 3297 633 3346 i.
651 3305 677 3360 p.
695 3311 725 3357 31
745 3313 770 3346 u.
789 3298 844 3357 248.
879 3296 947 3344 Ante
963 3297 1109 3343 Medullum
1127 3297 1265 3344 credebatur

264 3363 355 3410 Iunzus
370 3361 477 3409 Blaesus
495 3363 569 3409 ettam
590 3362 731 3425 Hispanias
752 3363 838 3409 rexisse
937 3377 967 3422 13
984 3363 1010 3409 in
1028 3377 1127 3409 summa
1143 3361 1173 3422 P,
1192 3367 1215 3408 et
1230 3363 1264 3410 sic

264 3428 290 3474 A
299 3428 434 3475 semudum
443 3428 520 3475 Orelli
523 3433 550 3474 ‘et
560 3427 662 3489 Feclrter,
677 3443 738 3475 uam
750 3428 813 3474 milri
818 3428 903 3490 potens
913 3428 953 3475 cui
970 3428 1022 3486 (uel
1035 3430 1103 3476 euml
1118 3442 1217 3474 summa
1228 3433 1264 3474 est

265 3493 357 3542 ursum
385 3491 497 3540 Madano
507 3493 540 3556 in,
554 3493 597 3540 sed
606 3493 767 3556 neglegentius
782 3493 898 3553 scn'ptum
914 3493 1017 3539 habetur
1073 3501 1100 3540 et
1115 3492 1172 3541 add.
1188 3493 1267 3540 Orelli

268 3590 298 3636 14
315 3575 365 3623 obt.
379 3574 418 3623 P:
436 3581 486 3635 opt
500 3572 526 3619 A
596 3577 625 3621 18
643 3589 695 3622 xvt.
708 3575 753 3623 A:
770 3565 823 3624 {Vn
838 3574 864 3622 Ρ
926 3574 1076 3634 ingerantur
1094 3575 1134 3621 uel
1144 3575 1262 3636 ingerant

265 3655 294 3688 se
305 3641 457 3701 sm'psm'm:
482 3640 567 3687 insera
586 3639 653 3688 BA:
678 3640 773 3688 inserta
791 3640 843 3688 sint
857 3639 884 3686 P
928 3639 985 3687 Vide
998 3639 1095 3689 Comm.
1111 3640 1167 3690 Cn't.
1232 3655 1263 3702 19

266 3706 379 3766 partibus
390 3705 450 3754 Voss
515 3719 548 3752 20
559 3705 632 3766 apell.
644 3705 670 3751 A
737 3721 767 3754 21
780 3722 837 3753 eum
845 3722 894 3753 om.
905 3705 995 3752 Gruter

741 3853 788 3906 13?
