2810 4350
419 405 424 424 l
495 319 651 391 VELLEI
673 328 913 390 PATERCVLI

210 517 280 558 nam
299 498 382 574 quod
401 506 505 574 pactae
529 493 593 554 eius
615 491 746 552 Menelai
764 501 854 568 atque
871 491 1009 550 Helenae
1032 487 1110 550 filiae
1131 492 1207 550 Her-

180 596 326 668 4miones
347 593 465 671 nuptias
486 600 692 668 occupauerat,
716 589 841 666 Delphis
865 608 935 648 eum
958 586 1112 648 interfecit.
1155 607 1207 664 per

210 696 285 756 haec
306 704 441 770 tempora
462 692 563 768 Lydus
584 700 613 749 et
632 689 802 766 Tyrrhenus
826 689 927 747 fratres
956 706 1026 746 curn
1053 699 1207 764 regnarent

211 792 242 852 in
264 790 367 868 Lydia,
383 789 533 850 sterilitate
550 790 668 864 frugum
687 784 834 862 compulsi
853 783 947 844 sortiti
965 794 1034 844 sunt
1055 795 1120 844 uter
1138 803 1207 843 cum

210 900 293 967 parte
317 886 515 948 multitudinis
528 885 627 964 ¹patria
646 885 810 945 decederet.
854 902 917 942 sors
938 884 1125 959 Tyrrhenum
1139 901 1236 954 con-5

212 987 295 1064 tigit:
316 997 473 1064 peruectus
491 985 524 1044 in
539 984 656 1046 Italiam
674 994 703 1043 et
722 985 790 1042 loco
804 992 834 1042 et
850 981 956 1042 incolis
973 993 1002 1042 et
1017 981 1090 1041 mari
1107 982 1208 1042 nobile

211 1104 246 1144 ac
260 1094 436 1160 perpetuum
450 1103 469 1143 a
482 1103 514 1142 se
531 1101 642 1142 nornen
657 1079 748 1140 dedit.
790 1089 859 1155 post
873 1077 986 1139 Orestis
997 1077 1147 1138 interitum
1156 1078 1208 1136 filii

212 1179 275 1240 eius
293 1179 447 1240 Penthilus
466 1189 496 1239 et
512 1177 691 1238 Tisamenus
710 1195 870 1254 regnauere
889 1175 1025 1235 triennio.

177 1297 197 1342 2
252 1278 332 1336 Tum
343 1278 403 1336 fere
414 1295 494 1336 anno
505 1273 688 1352 octogesimo
699 1284 767 1350 post
776 1272 898 1334 Troiam
909 1283 1034 1350 captam,
1045 1273 1208 1333 centesimo

211 1383 241 1433 et
265 1371 409 1434 uicesimo
436 1392 527 1449 quam
552 1373 699 1430 Hercules
727 1371 766 1430 ad
794 1371 867 1430 deos
892 1380 1063 1442 excesserat,
1090 1370 1208 1447 Pelopis
1225 1393 1254 1428 10

211 1469 375 1548 progenies,
391 1489 468 1547 quae
488 1466 572 1528 omni
593 1469 652 1528 hoc
672 1478 806 1545 tempore
827 1466 919 1544 pulsis
937 1466 1106 1528 Heraclidis
1126 1470 1210 1527 Pelo

211 1567 338 1646 ponnesi
346 1566 504 1645 imperium
512 1565 689 1640 obtinuerat,
699 1567 738 1626 ab
748 1565 888 1626 Herculis
896 1565 1037 1644 progenie
1046 1566 1207 1643 expellitur.

212 1668 304 1726 duces
332 1663 527 1742 recuperandi
558 1663 663 1741 imperi
691 1666 773 1724 fuere
805 1666 966 1738 Temenus,
997 1666 1207 1742 Cresphontes,

211 1763 427 1836 Aristodemus,
443 1782 571 1840 quorum
589 1763 703 1822 abauus
720 1765 822 1822 fuerat.
866 1763 974 1822 eodem
994 1765 1055 1822 fere
1076 1773 1210 1840 tempore

212 1863 349 1921 Athenae
371 1861 427 1921 sub
448 1859 565 1937 regibus
590 1879 655 1920 esse
679 1859 838 1934 desierunt,
863 1880 989 1937 quarum
1014 1859 1135 1920 ultimus
1160 1881 1210 1920 rex
1226 1882 1254 1932 ¹5

211 1958 266 2019 tuit
281 1960 407 2033 Codrus,
424 1957 572 2018 Melanthi
586 1957 672 2031 filius,
687 1957 733 2018 uir
746 1979 808 2020 non
822 1959 1062 2037 praetereundus.
1098 1957 1210 2035 quippe

212 2076 282 2116 cum
303 2054 535 2117 Lacedaemonii
557 2055 639 2133 graui
663 2056 743 2116 bello
763 2055 879 2117 Atticos
904 2067 1071 2134 premerent
1092 2076 1211 2133 respon-

213 2153 364 2231 dissetque
379 2153 510 2231 Pythius,
527 2173 654 2232 quorum
673 2155 734 2214 dux
752 2154 791 2214 ab
812 2156 898 2215 hoste
919 2165 997 2214 esset
1018 2152 1142 2242 occisus,
1159 2173 1210 2212 eos

212 2254 326 2312 futuros
347 2250 519 2329 superiores,
540 2250 676 2328 deposita
696 2263 779 2312 ueste
800 2252 879 2329 regia
898 2254 1076 2329 pastoralem
1097 2254 1210 2311 cultum

213 2348 318 2422 induit,
330 2348 541 2427 immixtusque
555 2348 656 2410 castris
670 2348 810 2424 hostium,
826 2351 864 2410 de
878 2348 1022 2410 industria
1036 2349 1127 2409 rixam
1142 2369 1211 2409 con·
1226 2371 1256 2406 πο

187 2447 294 2510 2ciens
318 2447 511 2524 inprudenter
535 2447 728 2524 interemptus
753 2458 805 2508 est.
859 2449 994 2509 Codrum
1022 2468 1091 2508 cum
1115 2458 1211 2508 morte

213 2555 332 2605 aeterna
350 2544 450 2622 gloria,
473 2545 671 2606 Athenienses
692 2557 794 2606 secuta
814 2545 938 2606 uictoria
958 2556 1010 2606 est.
1054 2544 1120 2622 quis
1141 2566 1210 2606 eum

214 2663 276 2703 non
297 2643 425 2716 miretur,
441 2642 493 2721 qui
514 2643 560 2704 his
581 2642 692 2704 artibus
713 2654 840 2704 mortem
861 2643 1026 2721 quaesierit,
1042 2643 1151 2720 quibus
1172 2644 1210 2702 ab

214 2740 329 2818 ignauis
354 2740 416 2801 uita
446 2741 547 2817 quaeri
579 2743 679 2801 solet?
732 2741 820 2802 huius
848 2741 925 2802 filius
954 2743 1071 2802 Medon
1098 2741 1210 2818 primus

214 2840 326 2898 archon
350 2837 477 2899 Athenis
503 2837 567 2899 suit.
610 2839 649 2898 ab
673 2840 732 2899 hoc
759 2838 869 2916 posteri
892 2841 974 2916 apud
998 2838 1114 2899 Atticos
1138 2837 1211 2899 dicti
1226 2863 1255 2913 25

215 2935 434 2996 Medontidae:
476 2938 529 2997 sed
563 2935 612 2996 hic
643 2935 892 3014 insequentesque
926 2939 1082 2997 archontes
1117 2956 1212 3014 usque

214 3035 253 3094 ad
276 3035 454 3111 Charopem,
480 3034 553 3094 dum
581 3033 724 3107 uiuerent,
750 3053 819 3094 eum
847 3036 992 3095 honorem
1020 3034 1209 3112 usurpabant.

215 3131 426 3208 Peloponnesii
448 3131 647 3209 digredientes
669 3131 778 3193 finibus
799 3131 906 3194 Atticis
928 3136 1058 3210 Megara,
1081 3132 1211 3193 mediam

216 3284 306 3347 ,rei
317 3284 403 3334 Aldus
489 3285 725 3346 sanTyrrheno?
812 3285 1028 3349 8PenthelusP,
1042 3301 1089 3334 ern.
1107 3285 1212 3335 Vrsinus

218 3365 247 3410 13
265 3350 402 3411 imperiiP
482 3351 641 3400 TeminusP
766 3367 796 3412 14
812 3351 910 3400 abauus
927 3352 1053 3415 Scaliger:
1072 3357 1170 3400 'atauus
1188 3351 1214 3400 P

215 3415 269 3463 sere
279 3415 305 3462 Β
315 3432 320 3464 :
339 3416 419 3464 ferme
430 3416 456 3464 P
527 3433 560 3465 ao
576 3416 609 3464 de
621 3415 745 3465 industria
756 3416 931 3478 imprudenter
943 3417 1097 3465 rixanincies
1109 3416 1209 3478 (rixam.

216 3481 286 3529 ncies
297 3480 333 3545 B)
342 3481 408 3530 PB:
425 3482 504 3530 rixam
517 3483 588 3531 ciens
599 3481 696 3530 Burer:
719 3497 739 3531 r.
753 3482 869 3532 iniiciens
881 3483 1037 3531 Rhenanus:
1061 3497 1080 3530 r.
1092 3481 1212 3530 conciens

215 3546 312 3610 smper:
340 3546 516 3607 imprudenter
531 3546 662 3596 Annianus
679 3549 833 3609 transposuit
851 3553 909 3597 anta
927 3549 1112 3608 interemptus:
1138 3545 1215 3594 Orelli

215 3610 330 3659 sm'bebat
346 3611 406 3673 imp.
424 3612 457 3661 de
475 3613 527 3663 ind.
548 3629 568 3664 r.
589 3613 661 3663 ciens
680 3614 848 3675 interemptus
867 3620 906 3662 est
1037 3626 1069 3672 23
1087 3611 1117 3660 iis
1137 3611 1215 3660 Orelli

217 3678 249 3792 pp
265 3676 306 3725 hic
318 3676 429 3792 sujgw
445 3678 481 3727 hii
494 3678 518 3728 P
621 3681 654 3729 28
671 3678 842 3742 Peloponnesi
852 3679 879 3729 P
959 3676 1065 3739 Megara
1075 3677 1212 3727 Haustus:

245 3757 348 3804 egaram

711 3861 724 3904 2
