3050 4350
630 303 785 363 VELLEI
808 301 1048 362 PATERCVLI

340 471 451 532 bellum
473 471 709 533 Mithridaticum
729 493 782 548 per
802 473 857 534 Cn.
877 471 1054 549 Pompeium
1075 468 1334 530 administraretur.

312 589 324 621 2
339 581 462 647 accepta
476 591 511 630 ea
524 579 565 630 est
577 570 752 648 magnisque
765 581 907 630 certatum
927 569 1003 629 inter
1016 568 1207 645 imperatores
1226 567 1335 644 iurgiis

338 687 408 727 cum
428 668 588 745 Pompeius
604 671 729 730 Lucullo
748 668 900 728 infamiam
918 666 1071 744 pecuniae,
1089 668 1230 726 Lucullus
1250 668 1337 725 Pom·

338 765 407 842 peio
428 765 646 827 interminatam
671 767 864 844 cupiditatem
889 765 1020 826 obiceret
1044 765 1149 841 imperi
1173 776 1337 841 neuterque

310 863 376 926 aab
398 883 434 923 eo
456 883 517 940 quo
537 865 713 941 arguebatur
731 864 871 924 mentitus
892 862 974 940 argui
994 873 1103 939 posset.
1146 882 1217 920 nam
1238 875 1365 938 neques

339 961 508 1039 Pompeius,
537 973 570 1021 ut
597 962 725 1038 primum
752 965 792 1022 ad
819 982 881 1021 rem
909 961 1060 1038 publicam
1093 961 1249 1036 adgressus
1281 971 1334 1031 est,

339 1080 520 1137 quemquam
540 1061 666 1122 †animo
685 1081 786 1137 parem
805 1060 879 1132 tulit,
896 1071 925 1119 et
944 1059 974 1117 in
989 1059 1098 1136 quibus
1116 1058 1205 1118 rebus
1224 1057 1336 1134 primus

339 1177 403 1216 esse
422 1143 560 1231 debebat,
576 1160 655 1218 solus
675 1178 739 1218 esse
758 1157 897 1234 cupiebat
913 1155 1023 1236 (neque
1042 1176 1079 1215 eo
1098 1155 1162 1215 uiro
1177 1155 1335 1232 quisquam

337 1267 388 1315 aut
402 1255 459 1315 alia
473 1256 574 1316 omnia
588 1256 686 1316 minus
700 1268 751 1316 aut
769 1256 891 1333 gloriam
911 1253 1003 1331 magis
1023 1253 1182 1330 concupiit,
1198 1253 1229 1312 in
1248 1274 1337 1331 appe-

338 1354 435 1414 tendis
460 1355 623 1415 honoribus
647 1354 824 1427 inmodicus
847 1352 1035 1430 ingerendis
1056 1352 1386 1426 uerecundissimus,10

316 1480 317 1483 ¹
337 1464 370 1512 ut
391 1452 443 1530 qui
464 1473 516 1513 eos
538 1465 571 1512 ut
591 1452 785 1513 libentissime
803 1452 898 1525 iniret,
920 1451 962 1511 ita
983 1450 1080 1511 finiret
1103 1470 1201 1528 aequo
1225 1450 1335 1524 anima,

308 1563 367 1611 4et
382 1553 464 1628 quod
482 1551 618 1628 cupisset,
634 1551 754 1611 arbitrio
774 1571 828 1610 suo
847 1561 984 1622 sumeret,
1000 1549 1097 1610 alieno
1117 1547 1292 1627 deponeret)
1307 1560 1338 1609 et

339 1651 488 1716 Lucullus,
512 1669 645 1709 summus
667 1648 778 1725 alioqui
800 1647 853 1721 uir,
875 1649 1020 1724 profusae.
1034 1646 1121 1706 huius
1142 1647 1173 1706 in
1195 1645 1337 1706 aedificiis

339 1746 585 1824 conuictibusque
606 1758 635 1807 et
656 1746 845 1823 apparatibus
866 1745 996 1805 luxuriae
1016 1744 1128 1822 primus
1149 1756 1252 1805 auctor
1272 1744 1335 1816 fuit,

339 1864 428 1921 quem
443 1844 483 1904 ob
497 1843 619 1904 iniectas
634 1846 728 1903 moles
742 1843 815 1903 mari
829 1854 858 1903 et
872 1853 1023 1918 receptum
1038 1841 1169 1902 suffossis
1184 1841 1336 1901 montibus
1355 1859 1384 1909 15

339 1942 369 2001 in
397 1953 487 2001 terras
512 1961 591 2001 mare
615 1942 697 2000 haud
721 1940 847 2000 infacete
876 1942 1004 2016 Magnus
1030 1938 1190 2015 Pompeius
1217 1941 1335 1998 Xerxen

338 2051 471 2117 togatum
485 2059 593 2098 uocare
607 2039 790 2097 adsueuerat.

279 2153 325 2211 134
378 2142 435 2199 Per
462 2138 493 2198 iu
521 2149 638 2214 tempus
666 2157 684 2196 a
712 2138 749 2211 Q.
780 2137 904 2196 Metello
932 2135 1021 2196 Creta
1052 2133 1149 2194 insula
1175 2133 1206 2192 in
1234 2133 1337 2210 populi

339 2236 470 2298 Romani
489 2246 670 2312 potestatem
695 2236 889 2306 redactaest,
914 2253 990 2310 quae
1015 2232 1141 2292 ducibus
1166 2235 1279 2292 Panare
1307 2244 1337 2294 et

339 2337 490 2395 Lasthene·
510 2352 607 2392 xxuu
633 2333 752 2392 milrbus
775 2332 919 2392 iuuenum
947 2331 1066 2404 coactis,
1089 2330 1247 2390 uelocitate
1274 2351 1337 2408 per·
1352 2365 1385 2400 20

337 2432 462 2503 uicibus,
478 2451 627 2490 armorum
642 2430 837 2504 laborumque
850 2427 1079 2505 patientissimis,
1096 2428 1266 2506 sagittarum
1280 2451 1336 2490 usu

338 2529 545 2602 celeberrimis
563 2549 615 2605 per
636 2527 794 2587 triennium
817 2529 971 2587 Romanos
993 2526 1136 2587 exercitus
1157 2527 1334 2604 fatigauerat.

311 2650 373 2688 ane
393 2628 432 2688 ab
453 2627 542 2687 huius
556 2626 678 2704 quidem
699 2645 787 2684 usura
807 2625 916 2702 gloriae
937 2625 1112 2702 temperauit
1131 2625 1263 2685 animum
1279 2627 1333 2687 Cn.

340 2726 509 2802 Pompeius,
525 2725 597 2802 quin
617 2723 758 2784 uictoriae
779 2735 892 2800 partem
912 2735 1067 2784 conaretur
1081 2723 1239 2783 uindicare.
1283 2727 1337 2785 sed

372 2895 387 2926 a
405 2886 517 2939 acceptae
530 2881 552 2926 δι
565 2876 619 2929 del..
632 2876 687 2924 dein
699 2885 804 2938 accepta
816 2893 847 2925 ea
858 2875 900 2928 A:
922 2883 1027 2938 accepta
1038 2893 1070 2925 ea
1081 2876 1119 2928 P:
1137 2886 1242 2939 accepta
1255 2895 1287 2926 ea
1297 2887 1337 2927 est

339 2945 425 3006 scn'pm
526 2958 541 3002 4
559 2942 681 2990 obiiceret
692 2942 791 3003 imperii
802 2942 856 2990 AP
919 2949 1060 3004 neuterque
1077 2943 1116 2992 B:
1137 2960 1170 2990 ne
1188 2952 1293 3005 uterque
1303 2944 1334 3006 P,

339 3008 382 3055 sed
396 3009 534 3056 Rhenanus
550 3008 576 3054 in
594 3023 673 3070 marg.
693 3007 823 3065 aduolauit
841 3008 947 3056 ‘melius
963 3009 984 3056 si
1001 3008 1049 3068 leg.
1065 3007 1140 3057 nec’:
1164 3025 1214 3057 nee
1230 3016 1337 3071 uterque

338 3073 364 3119 A
376 3075 428 3135 (sic)
549 3088 564 3133 5
582 3074 614 3120 ab
631 3075 746 3134 eoquod
762 3074 916 3134 arguebatur
932 3073 1000 3122 AP:
1021 3075 1053 3122 ab
1070 3090 1100 3122 eo
1117 3090 1168 3135 quo
1185 3076 1338 3135 arguebatur

341 3137 469 3187 Gelenius:
497 3139 529 3186 ab
550 3155 582 3187 eo
602 3139 645 3200 qui
666 3139 821 3200 arguebatur
839 3139 947 3202 Madua'g
1064 3141 1129 3188 aad
1149 3140 1218 3188 BA:
1244 3156 1293 3190 am.
1313 3140 1339 3188 P

341 3235 357 3280 7
373 3221 458 3269 animo
468 3220 496 3267 P
502 3237 508 3269 r
517 3215 564 3270 aio*
574 3222 682 3285 (animo)
690 3223 862 3284 potiusquam
874 3215 1045 3286 aid(aliquidl
1057 3221 1082 3268 A
1096 3239 1102 3270 r
1112 3223 1174 3282 fort.
1187 3223 1212 3269 in
1225 3222 1336 3282 aliquid:

340 3285 443 3334 omnino
455 3286 600 3336 Acidalius:
617 3303 700 3348 aequo
712 3287 796 3334 animo
808 3288 909 3350 Lipsius
979 3303 996 3348 9
1012 3288 1070 3348 adp.
1083 3286 1137 3333 ΑΡ
1209 3303 1236 3335 11
1256 3289 1337 3349 etqui

339 3351 441 3413 Lipsius
451 3352 569 3414 probante
579 3353 688 3416 Madua'g
698 3353 724 3401 il.
736 3368 784 3413 303
796 3358 818 3400 ef
828 3351 917 3400 Novak
1017 3367 1046 3400 12
1064 3360 1178 3401 sumeret
1188 3353 1319 3401 Aa'dah'us
1331 3372 1337 3403 :

339 3431 442 3464 sumere
454 3416 509 3463 ΑΡ
605 3420 635 3465 16
651 3419 762 3466 infacete
773 3417 819 3466 A:
835 3416 979 3481 infectaeP,
997 3417 1042 3464 sed
1055 3417 1194 3466 Rhenanus
1210 3419 1237 3467 fn
1254 3434 1335 3482 marg.

339 3481 470 3528 aduolauit
483 3482 561 3543 ‘puto
578 3483 610 3532 le.
622 3484 732 3532 infacete
750 3483 792 3531 uel
809 3483 943 3532 infestiue'
1011 3483 1113 3532 Xersen
1124 3483 1178 3530 ΑΡ
1276 3486 1305 3533 18
1322 3503 1337 3534 a

339 3546 420 3606 Q.P:
432 3547 507 3608 an
575 3565 607 3596 20
621 3549 750 3597 Lasthene
762 3549 789 3596 A
864 3565 894 3597 21
908 3549 1021 3609 laboruq.
1034 3547 1060 3595 A
1122 3565 1153 3596 aa
1166 3549 1298 3598 Romanus
1309 3550 1335 3596 A

339 3627 370 3672 23
388 3627 421 3660 ne
432 3612 488 3662 add.
504 3612 615 3660 Gelenius
696 3630 788 3663 usurae
799 3614 880 3676 gloria
892 3613 951 3678 ΑΡ,
965 3630 1011 3662 em.
1024 3614 1162 3664 Rhenanus
1227 3630 1258 3674 24
1274 3615 1337 3676 quin

341 3677 470 3728 Gefemus:
486 3679 531 3739 qui
542 3677 596 3724 ΑΡ

822 3814 852 3862 52
