3050 4350
703 350 833 409 LIBER
854 349 887 408 11

292 520 404 581 reditus
423 519 496 580 fuit:
518 519 602 580 omni
616 519 727 597 quippe
749 518 899 579 Brundisii
919 517 1042 578 dimisso
1065 516 1193 578 exercitu
1216 516 1289 577 nihil

292 630 407 696 praeter
429 638 540 679 nomen
563 617 747 694 imperatoris
766 617 895 678 retinens
914 636 983 676 cum
1002 616 1118 693 priuato
1137 615 1288 687 comitatu,

292 736 383 792 quem
398 735 515 792 semper
528 715 570 774 illi
589 735 694 776 uacare
713 715 803 776 moris
822 715 885 787 fuit,
901 714 931 773 in
951 715 1055 774 urbem
1074 712 1160 773 rediit
1181 713 1291 790 magni-

291 813 576 891 ficentissimumque
588 815 626 873 de
637 824 681 874 tot
695 813 811 890 regibus
826 833 878 889 per
889 812 1014 872 biduum
1025 810 1084 888 egit
1098 811 1289 888 triumphum,

262 931 275 978 5
291 913 441 989 longeque
455 910 596 971 maiorem
611 911 695 971 omni
708 922 778 970 ante
792 931 823 970 se
838 909 929 970 inlata
942 909 1070 986 pecunia
1087 908 1118 968 in
1137 908 1289 980 aerarium,

291 1019 496 1086 praeterquam
524 1029 543 1068 a
570 1011 673 1082 Paulo,
696 1028 733 1068 ex
756 1007 904 1068 manubiis
932 1007 1038 1067 intulit.
1081 1007 1205 1067 absente
1233 1007 1320 1072 Cn.4

292 1106 437 1182 Pompeio
465 1109 500 1166 T.
530 1106 657 1183 Ampius
685 1117 715 1166 et
742 1108 777 1166 T.
809 1105 958 1166 Labienus
986 1104 1097 1165 tribuni
1126 1107 1165 1181 pl.
1195 1106 1289 1180 legem

292 1205 430 1276 tulerunt,
445 1214 478 1263 ut
492 1203 517 1264 is
531 1203 609 1264 ludis
624 1203 804 1264 circensibus
824 1223 935 1263 corona
953 1223 1041 1262 aurea
1064 1213 1093 1262 et
1112 1201 1195 1262 omni
1209 1203 1290 1260 cultu

292 1301 537 1378 triumphantium
560 1312 697 1374 uteretur,
713 1301 855 1362 scaenicis
877 1312 976 1361 autem
1001 1311 1151 1377 praetexta
1171 1318 1292 1359 corona-

248 1416 352 1475 mque
376 1419 471 1459 aurea.
521 1399 555 1460 id
581 1399 631 1460 ille
653 1419 714 1459 non
738 1401 805 1476 plus
833 1419 923 1476 quam
951 1399 1051 1471 semel,
1077 1410 1107 1458 et
1134 1400 1193 1457 hoc
1220 1416 1291 1457 sane

292 1495 418 1556 nimium
433 1496 495 1569 fuit,
512 1517 652 1573 usurpare
674 1496 820 1556 sustinuit.
864 1496 951 1556 huius
970 1495 1026 1556 uiri
1039 1494 1188 1572 fastigium
1202 1494 1290 1554 tantis

292 1593 428 1654 auctibus
450 1596 569 1654 fortuna
590 1593 702 1666 extulit,
725 1605 758 1653 ut
782 1593 911 1670 primum
933 1613 969 1652 ex
993 1593 1101 1665 Africa,
1125 1592 1231 1652 iterum
1256 1612 1291 1653 ex

239 1731 243 1741 ·
293 1694 421 1768 Europa,
445 1691 531 1752 tertio
559 1712 596 1752 ex
620 1691 692 1752 Asia
715 1691 908 1768 triumpharet
930 1702 968 1763 et,
994 1701 1068 1767 quot
1091 1701 1188 1767 partes
1211 1689 1290 1749 orbis

292 1783 433 1848 terrarum
455 1800 532 1862 sunt,
558 1789 684 1849 totidem
708 1791 817 1848 laceret
840 1787 1025 1848 monimenta
1046 1786 1187 1847 uictoriae
1210 1806 1288 1846 suae.

246 1903 277 1955 15
292 1906 456 1964 numquam
479 1886 640 1946 eminentia
662 1886 776 1946 inuidia
802 1897 910 1946 carent.
953 1885 1053 1963 itaque
1081 1896 1111 1945 et
1139 1887 1318 1955 Lucullus,5

292 2006 406 2046 memor
420 1994 546 2046 †tamen
565 1997 705 2062 acceptae
723 1983 855 2057 iniuriae,
871 1995 900 2044 et
920 1985 1060 2043 Metellus
1080 1982 1214 2044 Creticus
1229 2003 1290 2042 non

290 2083 398 2144 iniuste
412 2103 538 2161 querens
555 2082 677 2163 (quippe
692 2093 900 2143 ornamentum
918 2081 1061 2158 triumphi
1078 2081 1142 2142 eius
1156 2080 1290 2157 captiuos

291 2182 382 2240 duces
405 2179 566 2256 Pompeius
589 2177 781 2257 subduxerat)
806 2191 927 2240 etcum
951 2178 985 2238 iis
1010 2199 1077 2256 pars
1102 2178 1289 2255 optimatium

290 2278 495 2354 refragabatur,
520 2298 558 2337 ne
580 2288 631 2337 aut
658 2276 803 2354 promissa
830 2276 1000 2336 ciuitatibus
1027 2296 1046 2335 a
1070 2275 1214 2352 Pompeio
1238 2287 1289 2335 aut

244 2395 277 2431 πο
290 2375 368 2434 bene
382 2373 492 2434 meritis
506 2373 638 2451 praemia
651 2376 690 2434 ad
703 2373 856 2433 arbitrium
871 2373 934 2433 eius
948 2376 1192 2450 persoluerentur.

330 2474 454 2532 Secutus
469 2471 579 2532 deinde
593 2483 637 2532 est
651 2473 756 2532 consul
771 2473 805 2533 C.
817 2473 933 2544 Caesar,
946 2471 998 2549 qui
1012 2471 1151 2532 scribenti
1166 2492 1290 2532 manum
1301 2482 1338 2538 41

323 2643 335 2676 1
355 2627 494 2675 Brundusii
511 2624 566 2673 AP
693 2641 709 2688 3
726 2625 760 2674 illi
773 2641 866 2674 uacare
878 2625 1032 2674 Rhenanus:
1055 2625 1097 2673 illa
1114 2625 1194 2674 latare
1211 2628 1288 2674 moris

290 2692 353 2753 (sata
365 2693 472 2741 remoris
483 2691 522 2756 A)
535 2690 584 2738 PA
596 2709 603 2739 t
623 2691 657 2738 illi
670 2699 755 2739 astare
767 2691 907 2739 Doederlein
926 2697 949 2739 et
966 2692 1057 2752 Halm,
1071 2693 1189 2754 probante
1208 2693 1237 2741 G.
1251 2693 1286 2742 A.

288 2760 357 2808 Koch
476 2771 491 2818 5
509 2758 643 2818 pecuniam
654 2757 773 2820 Kreyssr'g
876 2760 893 2806 6
909 2766 1014 2819 praeter
1030 2773 1106 2819 quarn
1124 2757 1178 2804 ΑΡ
1274 2774 1288 2819 7

290 2825 317 2874 L.
336 2823 457 2884 Tampius
477 2822 581 2870 Vrsinus
593 2823 722 2870 Labienus
737 2823 828 2870 benius
845 2822 871 2869 A
887 2824 940 2883 (sic)
1059 2825 1075 2870 8
1093 2823 1205 2871 tulerunt
1221 2822 1287 2874 AP:

288 2891 400 2938 tulerant
410 2887 540 2936 Acidah'us
597 2889 619 2936 is
630 2887 749 2936 Vrsinus:
766 2889 788 2936 si
798 2886 863 2938 AP:
869 2889 932 2950 fort.
942 2887 977 2935 uti
987 2888 1010 2936 is
1022 2889 1062 2935 uel
1067 2890 1088 2935 is
1096 2896 1124 2936 ut
1196 2889 1212 2936 8
1223 2895 1245 2937 et
1258 2903 1288 2937 10

288 2972 367 3004 aurea
375 2952 443 3002 AP:
461 2954 548 3002 laurea
558 2953 660 3016 Lr'ph'us
669 2953 714 3012 In's,
726 2959 753 3001 at
765 2953 820 3001 ur'ale
831 2953 952 3016 Borghesi
962 2954 1068 3002 Oeuvres
1079 2955 1094 3002 i.
1109 2967 1157 3014 452
1271 2971 1288 3016 9
1350 2985 1352 2988 -

288 3029 405 3069 uteretur
417 3035 466 3068 om.
480 3019 506 3065 A
574 3018 684 3067 scenicis
696 3019 721 3065 A
790 3026 906 3080 pretexta
922 3019 947 3065 A
1058 3035 1135 3080 11-14
1153 3019 1245 3069 huius.
1259 3056 1266 3070 .
1280 3058 1287 3071 .

287 3086 412 3134 uictoriae
432 3085 515 3148 suae]
545 3083 596 3132 Hic
614 3086 680 3133 loeus
693 3088 759 3132 extat
776 3091 817 3146 ap.
835 3084 976 3132 schoh'astm
995 3084 1093 3132 Lucani
1107 3100 1131 3145 9.
1151 3087 1197 3145 178
1214 3101 1287 3146 quem

287 3152 360 3200 edidit
374 3151 458 3198 Weber
473 3150 506 3198 iii.
521 3157 547 3212 p.
558 3151 607 3211 695
626 3151 669 3198 uhi
682 3150 818 3211 discrepant
832 3150 890 3197 haec
904 3151 1002 3198 actibus
1015 3185 1021 3198 .
1034 3186 1059 3200 ..
1074 3157 1101 3197 ut
1120 3151 1230 3212 primum
1241 3187 1247 3198 .
1260 3187 1266 3200 .
1281 3188 1288 3200 .

288 3219 364 3265 tertio
372 3233 405 3264 ex
415 3216 558 3276 Hispania.
572 3253 578 3265 .
591 3252 597 3264 .
609 3222 696 3276 partes
705 3223 789 3264 terrae
801 3252 807 3264 .
820 3250 826 3264 .
840 3251 845 3263 .
858 3217 1015 3263 monimenta
1083 3231 1112 3262 12
1129 3216 1225 3277 primus
1236 3215 1290 3264 ΑΡ

290 3298 319 3343 13
335 3283 405 3343 quod
419 3283 539 3343 (reficiam
554 3281 665 3342 inquot)
683 3287 770 3342 partes
788 3280 857 3328 orbis
877 3290 1002 3329 terrarum
1020 3281 1074 3328 sint
1092 3287 1152 3328 sunt
1169 3281 1194 3327 A
1214 3284 1287 3342 (siclt

287 3355 413 3397 terrarum
428 3347 497 3394 orbis
512 3345 538 3393 P
652 3362 681 3407 14
699 3361 809 3396 monum.
823 3345 877 3392 ΑΡ
991 3349 1021 3393 16
1038 3351 1095 3394 ante
1106 3362 1203 3394 memor
1220 3349 1248 3394 r'n
1259 3348 1285 3395 A

287 3413 392 3461 deletum
404 3418 439 3460 est
457 3420 483 3460 et
502 3411 635 3462 Metellus:
654 3412 792 3475 scn'psm'm
811 3417 837 3459 et
857 3410 918 3460 Met.
938 3411 1063 3472 Creticus,
1085 3427 1186 3460 memor
1201 3421 1287 3462 tamen

287 3486 409 3540 acceptae
426 3478 532 3526 iniuriae
551 3493 602 3524 non
621 3478 713 3526 iniuste
730 3491 849 3538 querens,
864 3477 960 3538 quippe
972 3481 1036 3526 διας
1057 3485 1142 3524 tamen
1149 3477 1207 3538 ΑΡ,
1222 3479 1291 3540 qnod

287 3545 372 3592 masere
382 3545 483 3606 languet
494 3544 522 3591 de
532 3543 636 3592 Lucullo
648 3561 654 3592 ε
671 3544 774 3591 tandem
784 3543 871 3592 Orelli:
890 3550 951 3590 ante
959 3542 1070 3590 Laurent
1130 3551 1156 3591 et
1167 3544 1287 3592 Metellus

287 3610 329 3658 Cr.
346 3608 415 3657 AP:
439 3611 572 3658 Craeticus
592 3609 647 3670 deh,
665 3609 719 3656 dein
738 3608 854 3656 Creticus
869 3607 895 3653 A
918 3608 970 3671 ζ’)
1071 3623 1101 3670 17
1118 3624 1246 3669 quaerens
1259 3610 1284 3656 A

289 3676 319 3723 18
336 3676 401 3724 duos
417 3682 538 3737 suprascr.
557 3675 636 3723 duces
647 3674 691 3722 sed
705 3675 769 3722 duos
782 3689 832 3722 non
842 3689 911 3721 eraso
923 3672 949 3720 A
963 3691 969 3722 r
986 3674 1066 3722 ducus
1078 3672 1118 3722 P:
1135 3676 1215 3723 duces
1227 3691 1284 3725 corr.

287 3757 427 3806 Rhenanus
525 3771 554 3804 αι
574 3749 698 3806 ἰὉῖΑι
715 3755 868 3804 Consulatus
883 3754 910 3802 P
977 3757 1006 3806 C.
1020 3757 1133 3822 Caesar!
1143 3758 1195 3820 qui,
1205 3757 1289 3806 deinde

286 3823 308 3871 is
323 3827 380 3871 ante
390 3821 433 3884 qui
445 3819 501 3873 add.
515 3829 591 3886 supra
608 3823 699 3873 lineam
714 3821 740 3868 A
753 3839 760 3871 z
777 3822 806 3873 C.
818 3821 936 3872 Caesaris
947 3820 978 3888 P,
992 3824 1121 3872 annen'ex
1130 3822 1156 3871 A

768 3923 800 3974 ⁵9
