3050 4350
679 323 809 381 LIBER
830 323 863 380 II

272 488 420 549 interdum
433 500 465 549 ut
480 489 644 568 supplicem
659 491 919 565 commendabant,
933 490 1081 551 interdurn
1095 503 1128 550 ut
1141 511 1195 568 pro
1210 490 1272 569 pari

272 587 477 663 loquebantur.
510 587 648 664 gentibus
662 587 894 664 hominibusque
908 608 927 647 a
940 588 1027 648 nobis
1039 588 1272 649 desciscentibus

272 694 334 743 erat
352 686 434 761 apud
454 704 524 744 eum
544 684 719 762 perfugium,
736 694 918 763 ttotumque
937 706 974 746 ex
992 688 1069 746 male
1086 685 1271 747 dissimulato

271 782 377 859 agebat
390 784 541 842 aemulum
552 805 560 858 ;
581 782 809 861 exercitumque,
822 803 911 862 quem
924 802 988 843 Lxx
1003 783 1116 843 milium
1127 783 1271 861 peditum,

242 899 255 947 ⁵
271 890 411 956 quattuor
428 879 562 956 equitum
581 882 698 954 fecerat,
714 880 846 941 adsiduis
865 883 1007 942 aduersus
1026 881 1168 941 finitimos
1187 880 1272 941 bellis

271 978 437 1036 exercendo
459 976 563 1037 maiori
583 997 682 1055 quam,
699 979 782 1054 quod
803 978 940 1051 habebat,
959 977 1041 1055 operi
1062 978 1272 1055 praeparabat:

271 1086 392 1151 eratque
403 1073 492 1134 etiam
504 1095 541 1135 eo
552 1075 711 1149 timendus,
724 1078 807 1152 quod
821 1097 890 1136 cum
901 1076 1092 1136 Germaniam
1106 1079 1145 1137 ad
1156 1078 1272 1136 laeuam
1285 1103 1299 1149 3

271 1182 301 1232 et
315 1171 346 1230 in
360 1174 465 1246 fronte,
482 1173 668 1233 Pannoniam
682 1175 722 1234 ad
736 1176 877 1246 dextram,
892 1194 911 1233 a
925 1185 1007 1251 tergo
1021 1173 1137 1234 sedium
1152 1194 1272 1233 suarum

273 1268 395 1329 haberet
420 1269 556 1343 Noricos,
582 1282 734 1348 tamquam
755 1270 786 1329 in
807 1291 913 1331 omnes
934 1291 1050 1348 semper
1071 1281 1213 1330 uenturus
1234 1270 1272 1329 ab

228 1387 260 1422 ιο
273 1365 413 1426 omnibus
428 1366 594 1428 timebatur.
637 1388 694 1427 nec
708 1387 841 1427 securam
856 1367 1031 1427 incrementi
1045 1366 1091 1427 sui
1107 1366 1273 1444 patiebatur
1285 1393 1301 1438 4

272 1484 338 1524 esse
366 1463 492 1538 Italiam,
517 1464 627 1542 quippe
652 1486 721 1525 cum
748 1486 767 1525 a
794 1464 918 1526 summis
943 1465 1066 1542 Alpium
1087 1464 1171 1542 iugis,
1195 1484 1273 1542 quae

271 1563 362 1623 finem
385 1563 488 1623 Italiae
509 1563 676 1637 terminant,
699 1563 816 1623 initium
838 1563 925 1625 huius
946 1563 1050 1623 finium
1072 1565 1153 1624 haud
1177 1565 1272 1622 multo

271 1662 338 1737 plus
362 1678 400 1721 cc
425 1660 545 1721 milibus
569 1681 710 1738 passuum
735 1662 860 1722 abesset.
914 1663 995 1720 hunc
1019 1660 1115 1721 uirum
1141 1671 1170 1720 et
1194 1661 1299 1726 hanes

273 1758 424 1836 regionem
458 1759 594 1836 proximo
621 1780 701 1819 anno
729 1759 853 1820 diuersis
881 1779 898 1820 e
927 1758 1060 1836 partibus
1088 1757 1133 1818 Ti.
1164 1753 1273 1820 Caesar

230 1877 259 1927 15
272 1841 396 1933 adgredi
409 1856 517 1917 statuit.
548 1857 650 1917 Sentio
665 1857 824 1918 Saturnino
839 1859 1021 1930 mandatum,
1034 1867 1067 1916 ut
1081 1876 1134 1933 per
1148 1858 1273 1918 Chattos

272 1953 377 2013 excisis
391 1953 614 2014 continentibus
630 1954 799 2031 Hercyniae
813 1953 894 2014 siluis
908 1939 1040 2031 legiones
1056 1953 1273 2014 Boiohaemum

272 2051 317 2131 (id
337 2051 458 2128 regioni,
477 2071 568 2128 quam
589 2051 739 2112 incolebat
760 2052 975 2124 Maroboduus
995 2071 1107 2111 nomen
1125 2049 1191 2130 est),
1210 2049 1273 2127 ipse

271 2149 466 2221 aCarnunto,
483 2147 534 2226 qui
551 2151 634 2208 locus
656 2148 759 2209 Norici
780 2148 862 2226 regni
882 2147 1033 2225 proximus
1054 2148 1092 2207 ab
1113 2150 1171 2208 hac
1190 2160 1273 2225 parte

271 2257 341 2319 erat,
360 2245 529 2319 exercitum,
549 2245 602 2323 qui
622 2245 654 2305 in
676 2245 794 2323 Illyrico
815 2246 956 2318 merebat,
975 2246 1084 2305 ducere
1104 2244 1136 2304 in
1158 2247 1274 2305 Marco-

227 2368 258 2404 20
272 2365 398 2404 mannos
413 2364 497 2404 orsus
511 2355 563 2404 est.
867 2396 871 2404 .

313 2440 446 2518 Rumpit,
469 2440 619 2501 interdurn
640 2451 770 2501 moratur
792 2438 944 2517 proposita
964 2437 1121 2498 hominum
1146 2441 1270 2499 fortuna.
1284 2461 1338 2504 110

272 2551 495 2617 praeparauerat
518 2538 578 2598 iam
602 2538 726 2599 hiberna
751 2541 860 2600 Caesar
881 2540 921 2598 ad
944 2536 1118 2596 Danubium
1139 2540 1274 2598 admoto·

272 2658 330 2716 que
349 2637 478 2697 exercitu
498 2658 559 2697 non
578 2639 644 2714 plus
664 2657 754 2713 quam
774 2635 907 2714 quinque
926 2635 1041 2695 dierum
1062 2633 1116 2694 iter
1132 2655 1151 2694 a
1170 2635 1272 2712 primis

271 2733 402 2795 hostium
433 2756 448 2790 u
472 2756 487 2790 *
518 2734 709 2794 Saturninum
739 2736 901 2794 admouere
931 2734 960 2792 ei
990 2734 1148 2809 placuerat,
1177 2736 1298 2810 paene2

304 2905 320 2951 3
337 2895 467 2950 totumque
478 2887 546 2936 AP:
563 2895 683 2949 totusque
694 2888 828 2936 Haunus:
854 2886 918 2949 perf.
932 2893 1021 2936 tutum.
1059 2887 1170 2948 denique
1187 2887 1274 2934 Haase

272 2970 287 3014 4
304 2970 338 3003 Lx
355 2953 400 3004 A:
425 2955 468 3002 ii.
485 2953 517 3014 Ρ,
536 2960 562 3002 at
572 2953 656 3000 Burer
671 2961 714 3000 ‘ex
729 2953 838 3016 uestigiis
853 2959 900 3001 uel.
919 2951 969 3001 cod.
982 2957 1082 3016 apparet
1095 2962 1181 3000 ΗΧ.
1192 2952 1273 3013 fuisse

273 3037 341 3068 eraso
353 3026 379 3065 X
386 3019 528 3083 posterrbre'
562 3053 565 3060 .
618 3033 632 3079 5
650 3025 760 3080 quatuor
771 3018 825 3065 ΑΡ
907 3019 983 3078 60ρί
994 3017 1020 3063 Α
1107 3032 1137 3064 10
1154 3017 1273 3065 tuebatur

273 3085 378 3136 deletum
397 3091 433 3133 est
450 3087 476 3132 r'n
493 3085 519 3131 A
539 3090 596 3132 ante
613 3085 749 3132 timebatur
858 3083 965 3144 ingrem.
984 3082 1009 3128 A
1127 3084 1225 3143 pacieb.
1244 3082 1270 3128 A

275 3167 303 3200 12
321 3153 395 3202 huius
413 3150 549 3199 Heinsius:
573 3149 727 3198 cuiusAB:
751 3149 806 3197 eius
824 3147 850 3196 P
953 3163 982 3209 13
1000 3147 1139 3208 passumA
1242 3162 1272 3207 14

272 3217 326 3267 Tib.
340 3218 378 3269 P:
396 3216 425 3263 T.
437 3216 478 3264 A*
566 3229 596 3276 15
614 3215 720 3263 Catthos
737 3213 791 3260 ΑΡ
889 3215 919 3261 16
937 3213 1125 3262 Botohaemum
1136 3213 1178 3264 A:
1198 3212 1273 3260 Boio-

272 3283 390 3332 hoemum
401 3281 442 3331 P:
462 3283 567 3329 duceret
579 3281 635 3330 add.
649 3279 763 3342 Lipsius:
783 3285 841 3341 post
851 3277 920 3340 quod
927 3278 1039 3326 Dodwell
1050 3279 1167 3325 lamnam
1182 3284 1272 3326 statue-

272 3349 319 3410 bat,
333 3366 383 3412 qua
395 3348 451 3396 tela·
459 3348 559 3409 aurium,
573 3362 646 3407 quem
658 3361 716 3394 cum
728 3344 881 3393 Maroboduo
891 3344 914 3392 T
912 3344 998 3391 uberius
1008 3343 1125 3404 habuerit,
1138 3343 1274 3391 distructrus

272 3415 423 3463 enar-fauent
435 3415 448 3470 ξ
461 3427 485 3472 3,
498 3419 526 3474 p.
539 3414 556 3458 6
572 3412 607 3461 ed.
620 3411 779 3459 Krausrauar
903 3411 932 3456 18
949 3425 965 3457 a
982 3409 1115 3456 Carnunto
1131 3407 1172 3457 P:
1193 3408 1273 3457 Acar-

273 3489 351 3530 nanto
364 3480 419 3540 det,
432 3477 486 3526 dan
497 3485 619 3539 suprascr.
629 3476 677 3525 Ac.
688 3474 846 3523 arnumhoA
949 3490 979 3536 19
997 3475 1102 3522 duceret
1113 3474 1139 3520 A
1240 3489 1270 3522 21

272 3546 321 3596 iter
337 3548 397 3594 dum
414 3543 459 3592 A:
479 3543 586 3604 Rumpit
602 3542 738 3603 interdum,
758 3541 885 3589 interdum
903 3555 934 3588 m.
952 3539 1087 3587 Haustus:
1108 3538 1141 3589 R.
1157 3539 1202 3589 int.
1221 3555 1272 3589 ma·

272 3617 355 3662 turata
372 3627 410 3673 pr.
434 3609 600 3657 Warburtou:
616 3608 724 3669 Jiu‘tasse
741 3607 828 3655 itidem
959 3620 991 3666 24
1007 3605 1096 3653 aberat
1113 3612 1140 3652 et
1157 3605 1272 3666 legiones

272 3678 347 3727 etiam
365 3688 430 3739 quas
449 3674 571 3736 suppleuit
586 3673 678 3736 Haupt
807 3671 947 3719 admouere
966 3672 990 3719 ei
1010 3669 1116 3734 Haupt:
1139 3671 1272 3720 admoueri

270 3742 325 3792 ΑΡ
421 3754 497 3803 paene
508 3755 548 3802 eq.
562 3737 588 3785 A

746 3828 790 3880 119
