3050 4350
564 329 720 392 VELLEI
741 326 982 388 PATERCVLI

275 499 403 562 exercitu
417 498 448 558 in
462 498 587 558 hiberna
600 496 730 574 legiones
745 494 868 568 reduxit,
884 496 990 555 eadem
1004 513 1064 572 qua
1080 491 1176 570 priore
1192 511 1272 552 anno

275 595 462 658 festinatione
477 595 580 655 urbem
595 605 707 671 petens.

208 692 263 749 108
316 693 399 755 Nihil
420 703 481 752 erat
501 692 560 752 iarn
582 691 612 751 in
634 689 801 762 Germania,
824 691 906 766 quod
928 687 1009 748 uinci
1029 699 1138 765 posset,
1160 698 1274 764 praeter

275 803 394 869 gentem
423 793 714 861 Marcomannorum,
743 807 820 865 quae
849 787 1039 846 Maroboduo
1070 788 1147 846 duce
1179 784 1275 845 exeita

275 888 398 948 sedibus
412 887 471 947 suis
485 897 575 962 atque
589 885 620 945 in
634 884 772 944 interiora
786 882 931 960 refugiens
946 882 1092 943 incinctos
1105 881 1274 958 Hercyniae
1288 901 1302 951 5

250 985 367 1045 :siluae
388 1003 510 1060 campos
531 983 687 1042 incolebat.
731 983 812 1040 nulla
833 979 982 1040 festinatio
1004 978 1092 1038 huius
1114 978 1169 1038 uiri
1193 998 1274 1037 men-

275 1081 387 1142 tionem
404 1079 566 1157 transgredi
586 1080 683 1140 debet
728 1078 942 1151 Maroboduus,
958 1096 1065 1154 genere
1079 1074 1196 1147 nobilis
1213 1095 1274 1134 cor·

274 1199 346 1256 pore
367 1180 548 1256 praeualens
567 1176 668 1236 animo
689 1178 778 1248 ferox,
797 1174 917 1235 natione
939 1173 1031 1252 magis
1051 1194 1141 1251 quam
1160 1171 1273 1232 ratione

274 1276 424 1349 barbarus
437 1296 498 1336 non
513 1272 737 1334 tumultuarium
748 1293 846 1350 neque
857 1271 1010 1332 fortuitum
1022 1291 1119 1348 neque
1130 1269 1273 1330 mobilem

274 1385 303 1433 et
318 1393 353 1433 ex
372 1375 525 1432 uoluntate
543 1369 710 1447 parentium
729 1379 915 1429 constantem
934 1367 1010 1427 inter
1026 1388 1096 1427 suos
1115 1365 1274 1443 occupauit
1291 1394 1320 1429 ιο

274 1469 480 1547 principatum,
491 1470 545 1528 sed
556 1478 669 1527 eertum
680 1465 836 1544 imperium
847 1465 969 1542 uimque
980 1465 1089 1542 regiam
1101 1466 1273 1542 complexus

273 1566 374 1626 animo
389 1564 489 1625 statuit
508 1574 633 1624 auocata
651 1565 755 1640 procul
773 1583 792 1622 a
811 1562 956 1622 Romanis
977 1574 1064 1639 gente
1084 1582 1137 1622 sua
1156 1581 1192 1622 eo
1208 1581 1274 1638 pro

273 1663 363 1740 gredi,
376 1662 428 1722 ubi
439 1667 508 1723 cu'm
519 1671 638 1739 propter
651 1660 818 1738 potentiora
830 1681 912 1720 arma
925 1659 1086 1737 refugisset,
1099 1680 1152 1719 sua
1164 1662 1274 1720 faceret

274 1759 485 1837 potentissima.
530 1758 681 1836 occupatis
695 1757 790 1835 igitur,
801 1757 867 1835 quis
881 1756 1088 1835 praediximus,
1100 1757 1173 1817 locis
1188 1757 1273 1817 finiti-

275 1877 340 1917 mos
355 1855 452 1916 omnis
466 1867 516 1915 aut
528 1855 607 1915 bello
619 1854 735 1915 domuit
748 1865 800 1914 aut
814 1853 1041 1914 condicionibus
1056 1853 1126 1913 iuris
1137 1853 1182 1913 sui
1193 1853 1269 1914 fecit.
1290 1879 1319 1928 15

202 1966 260 2023 109
316 1954 432 2030 Corpus
454 1952 499 2012 sui
520 1951 734 2012 incustoditum
753 1959 820 2010 ante
841 1951 953 2029 imperi,
965 1950 1114 2028 perpetuis
1129 1950 1272 2011 exercitiis

274 2071 370 2127 paene
388 2051 427 2109 ad
444 2052 600 2110 Romanae
619 2047 792 2125 disciplinae
813 2050 938 2107 formam
960 2050 1121 2121 redactum,
1137 2047 1220 2107 breui
1241 2047 1272 2107 in

275 2148 408 2209 eminens
423 2159 453 2207 et
466 2158 568 2208 nostro
583 2167 703 2224 quoque
717 2145 842 2223 imperio
856 2145 1022 2206 timendum
1041 2145 1177 2223 perduxit
1196 2145 1273 2206 fasti-

274 2244 355 2322 gium
373 2243 553 2322 gerebatque
572 2263 604 2303 se
623 2243 663 2302 ita
683 2245 825 2303 aduersus
841 2246 1004 2316 Romanos,
1019 2254 1052 2302 ut
1073 2262 1171 2320 neque
1193 2244 1273 2303 bello

275 2362 329 2402 nos
344 2345 493 2413 lacesseret,
509 2348 537 2400 et
547 2341 577 2400 si
587 2342 785 2413 lacesseretur,
801 2360 954 2417 superesse
968 2339 1024 2400 sibi
1038 2339 1100 2399 uim
1117 2360 1152 2400 ac
1169 2342 1274 2400 uolun-
1289 2365 1320 2398 πο

248 2459 260 2492 r
275 2449 365 2498 tatem
377 2436 532 2498 resistendi
542 2439 703 2496 estenderet.
733 2437 829 2514 legati,
840 2457 915 2514 quos
926 2436 1062 2496 mittebat
1072 2439 1112 2497 ad
1121 2439 1271 2512 Caesares,

306 2611 321 2655 4
339 2591 558 2646 Marcomanorum
569 2591 596 2638 P
643 2592 798 2641 Maraboduo
811 2589 841 2639 A¹
911 2607 926 2654 5
943 2593 990 2643 int.
1006 2591 1134 2642 Gelenius:
1151 2593 1272 2643 inferiora

273 2659 327 2707 ΑΡ
440 2659 570 2707 Herciniae
582 2658 655 2706 siluae
667 2657 731 2708 AP:
757 2675 782 2706 ·a
799 2674 825 2705 ·a
836 2656 957 2706 Hn'nseus
1071 2673 1085 2719 7
1103 2658 1191 2722 debet]
1204 2661 1231 2718 d3
1243 2660 1269 2706 A

274 2726 289 2771 8
307 2740 377 2786 preu.
395 2723 421 2771 A
524 2739 555 2771 10
571 2723 714 2784 parentium
731 2722 797 2772 BA:
822 2730 956 2784 parentum
971 2722 998 2769 P
1095 2739 1122 2771 11
1142 2725 1206 2786 copl.
1220 2725 1275 2772 ΑΡ

276 2805 305 2852 13
322 2796 428 2851 propter
444 2789 512 2850 quod
526 2788 634 2852 Maduig
648 2789 738 2836 delebat
749 2789 868 2850 probante
887 2788 1007 2850 Woelfflin
1024 2788 1124 2839 Areten.
1136 2788 1194 2840 Lat.
1210 2789 1272 2840 Lex.

273 2855 290 2904 i.
305 2858 359 2916 163,
373 2862 451 2916 nuper
461 2853 595 2902 uindicanti
604 2853 693 2902 Novella
792 2869 822 2913 14
839 2853 896 2915 quis
907 2851 957 2900 BA
968 2871 990 2903 :.
1001 2869 1065 2915 quos
1076 2853 1116 2902 P:
1141 2856 1199 2915 quis
1210 2871 1270 2905 corr.

273 2937 302 2969 ex
311 2937 376 2982 quos
386 2919 412 2967 A
478 2924 535 2966 ante
545 2920 602 2980 quis
613 2919 641 2967 e'n
652 2919 677 2965 A
690 2917 796 2966 deletum
807 2923 842 2966 est
853 2919 893 2967 his
985 2921 1015 2966 16
1030 2920 1065 2967 sn'c
1074 2922 1180 2969 correxi:
1197 2937 1270 2969 suum

273 2986 388 3034 custodia
409 2993 461 3032 tum
479 2984 611 3045 imperium
630 2983 698 3032 AP:
723 2985 878 3033 custoditum
899 2984 995 3046 ‘potrus
1011 2984 1155 3047 legendum'
1174 2985 1271 3034 Burer:

273 3053 373 3112 Corpus
388 3051 427 3098 sui
443 3049 559 3098 custodia
575 3056 656 3114 tutum
670 3049 769 3111 imperii
780 3050 916 3098 Hn'nseies:
933 3049 962 3099 C.
976 3065 1049 3098 suum
1061 3051 1177 3099 custodia
1192 3052 1271 3100 tuitus

273 3116 389 3178 Sauppe:
409 3117 510 3176 Corpus
524 3116 564 3163 sui
581 3116 733 3164 custoditum
751 3115 841 3176 imperi
852 3114 930 3173 Κηϊα,
944 3131 974 3162 ex
983 3116 1057 3164 Floro
1068 3115 1101 3165 iv.
1114 3131 1137 3176 3.
1151 3130 1174 3177 5,
1191 3117 1272 3164 Taa'to

272 3182 340 3230 He'st.
354 3183 369 3229 i.
387 3183 424 3242 16,
438 3180 527 3228 Seneca
542 3181 571 3228 de
585 3181 660 3229 Clem.
673 3181 699 3228 ii.
712 3197 727 3228 a
744 3179 835 3228 adlatr's
850 3181 906 3228 lonis
920 3181 964 3227 ubi
975 3196 1067 3241 corpus
1079 3180 1179 3241 imperii
1190 3182 1271 3229 eodem

274 3247 347 3294 modo
358 3246 449 3294 dr'etum
461 3251 512 3294 est:
530 3246 631 3307 Corpus
642 3261 716 3294 suurn
732 3247 930 3294 custodientium
941 3246 1074 3307 imperium
1086 3245 1270 3308 Maduigpnob.

272 3311 355 3359 Halm
462 3326 492 3372 19
508 3312 665 3372 gerebatque
676 3310 711 3368 A,
730 3310 802 3358 rebat
814 3311 918 3359 delemm
929 3316 964 3358 est
973 3311 998 3358 in
1010 3310 1036 3356 A
1049 3316 1106 3360 ante
1116 3313 1272 3375 gerebatque

272 3389 305 3424 ao
321 3378 469 3436 lacesseret,
481 3383 506 3424 at
518 3378 539 3424 si
555 3378 676 3439 suppleuit
689 3375 829 3424 Rhenanus
926 3391 957 3424 21
975 3377 1123 3425 ostenderet
1135 3376 1192 3426 adel.
1204 3376 1271 3425 Bur-

274 3457 367 3492 mann:
387 3443 551 3501 ‘declararet,
564 3444 604 3490 uel
618 3441 697 3490 simile
710 3442 837 3504 quippiam
852 3441 891 3488 ln'c
905 3441 981 3489 deesse
991 3441 1094 3491 ueilaur.
1124 3459 1185 3490 nam
1197 3442 1235 3490 ln'e
1244 3445 1272 3491 in

272 3507 406 3569 exemplari
413 3508 557 3556 lucernulam
566 3508 671 3556 omissae
678 3507 786 3554 detrunis
793 3505 954 3568 offendimus'
965 3505 1104 3555 Rhenanus
1115 3524 1121 3555 ε
1147 3514 1174 3556 ut
1186 3524 1271 3569 neque

178 3587 183 3599 ·
274 3571 342 3621 bello
358 3588 405 3621 nos
425 3574 563 3622 lacesseret
580 3579 607 3620 et
623 3587 760 3634 superesse
777 3572 825 3620 sibl
841 3573 892 3620 uim
910 3588 940 3620 ac
957 3572 1114 3621 uoluntatem
1133 3573 1271 3623 resistendi

273 3639 421 3686 ostenderet
436 3637 510 3685 Kn'te
521 3654 550 3684 ex
560 3637 619 3685 coni.
632 3637 796 3698 Rosenluynu‘
859 3637 960 3702 legatos
968 3638 1041 3700 pn'us
1051 3636 1077 3684 A
1145 3640 1271 3688 Caesares

228 3720 230 3725 ·
272 3703 329 3752 Pel
338 3719 396 3753 corr.
410 3703 452 3752 A:
471 3703 607 3752 Caesarem
618 3702 644 3750 A
658 3719 692 3752 m.
701 3709 741 3766 pr.

749 3835 794 3884 118
