2810 4350
538 353 863 414 PROLEGOMENA

199 525 273 586 Non
302 523 381 585 enim
407 536 520 584 temere
549 523 653 584 uideor
680 534 850 583 autumasse
878 523 1109 584 Amerbachiani
1132 543 1202 602 apo

200 630 303 709 graphi
318 652 384 691 eam
397 631 529 708 speciem
543 651 609 690 esse
624 630 702 690 utin
716 650 825 707 magna
843 650 941 690 rerum
960 641 1055 708 strage
1076 631 1201 707 supersit

200 749 301 798 tamen
329 740 410 798 unde
439 737 536 797 Vellei
565 737 709 797 dissoluta
733 738 841 797 domus
871 748 1009 814 resurgat.
1063 737 1201 798 Bentleio

199 855 277 904 certe
286 844 336 904 uix
346 843 415 903 licet
425 842 605 920 adstipulari,
618 843 670 920 qui
680 863 760 903 anno
773 861 848 920 1713
861 842 1000 916 scribens,
1011 846 1199 903 Paterculum

198 970 268 1009 cum
286 949 449 1026 Hesychio,
470 961 629 1027 utrumque
650 969 686 1009 ex
706 969 768 1009 uno
789 949 894 1009 codice
912 950 1103 1025 pendentem,
1120 969 1200 1010 com-

197 1056 328 1132 parabat,
358 1054 545 1132 docebatque
580 1065 625 1114 tot
649 1054 686 1113 in
713 1065 840 1131 utroque
868 1054 943 1114 libro
971 1053 1099 1114 inueniri
1127 1055 1199 1115 uitia

197 1160 368 1234 scribarum,
384 1161 425 1221 ita
441 1161 505 1221 sine
523 1161 656 1221 remedio
674 1181 738 1221 esse
753 1160 988 1238 deprauationes,
1004 1173 1046 1234 ut,
1062 1182 1131 1221 cum
1145 1181 1199 1238 per

197 1268 342 1326 ducentos
356 1287 451 1326 annos
465 1266 521 1326 uiri
534 1266 700 1326 doctissimi
709 1277 799 1342 atque
814 1265 994 1342 sagacissimi
1008 1266 1096 1326 crisin
1110 1267 1141 1326 in
1156 1267 1199 1327 eis

197 1371 402 1445 exercuissent,
425 1383 524 1432 essent
551 1383 652 1432 tamen
682 1371 770 1431 etiarn
796 1383 859 1431 tum
885 1373 1015 1432 errorum
1044 1373 1197 1450 congeries

196 1480 320 1538 confusa
335 1478 566 1555 uiderenturque
579 1477 691 1538 futuri¹.
739 1481 779 1536 At
793 1498 865 1538 uero
879 1478 1039 1554 plurimum
1054 1478 1085 1537 in
1100 1482 1197 1539 Pater-

195 1585 263 1643 culo
293 1583 476 1644 restituendo
507 1595 536 1644 et
563 1595 632 1644 ante
660 1583 852 1644 Amerbachii
879 1595 1031 1660 receptum
1048 1573 1195 1645 codicem

195 1688 402 1765 Wopkensius,
411 1669 548 1766 'aequalis
564 1689 688 1762 Bentlei,
702 1700 731 1748 et
746 1689 944 1749 Ruhnkenius
955 1691 1151 1766 profecerunt,
1167 1702 1197 1751 et

194 1806 314 1871 recepto
328 1795 388 1854 iam
409 1795 514 1855 codice
536 1795 672 1869 Orellius,
696 1795 834 1869 Kritzius,
854 1795 1022 1870 Maduicus,
1045 1796 1193 1857 Halmius.

194 1902 260 1960 Nec
287 1910 388 1960 tamen
416 1898 533 1974 infitior,
559 1901 591 1960 id
619 1902 702 1978 quod
729 1921 765 1960 ex
793 1901 940 1977 congestis
968 1901 999 1960 in
1027 1904 1073 1962 ed.
1101 1903 1192 1964 Krita

193 2001 453 2066 emendationibus
471 2005 617 2065 Paterculi
631 2005 719 2066 nimis
734 2017 778 2066 est
792 2005 823 2065 in
834 2008 999 2083 propatu10,
1016 2028 1078 2067 non
1098 2028 1195 2087 pauca

193 2131 346 2189 superesse
360 2133 437 2189 quae
457 2123 489 2172 ut
510 2133 572 2172 non
583 2112 641 2172 sint
656 2112 838 2186 insanabilia,
855 2124 958 2173 sanata
971 2125 1050 2174 certe
1070 2135 1089 2174 a
1110 2118 1193 2177 nullo

192 2219 336 2279 hactenus
357 2219 472 2279 fuerint.
518 2222 590 2279 Hoc
603 2230 648 2279 est
662 2240 713 2279 cur
728 2223 795 2280 Am.
811 2222 1004 2296 apographon
1020 2218 1073 2301 (A)
1091 2222 1192 2282 denuo

192 2324 402 2385 excutiendum
417 2325 605 2402 susceperim,
626 2325 786 2402 omniaque
800 2326 871 2386 inde
885 2326 1030 2386 enotarim
1044 2347 1121 2404 quae
1136 2349 1192 2406 ego

192 2440 221 2489 et
245 2441 314 2490 ante
339 2452 387 2492 me
412 2433 572 2492 Fechterus
596 2431 636 2491 ab
659 2430 771 2492 Orellio
791 2431 996 2508 praetermissa
1017 2434 1065 2492 uel
1087 2432 1193 2493 iniun'a

192 2537 392 2598 Amerbachio
405 2537 555 2598 adtributa
568 2537 805 2598 intellexerimus.

224 2691 232 2720 ¹
250 2692 375 2741 Remarks
390 2709 458 2755 upon
476 2710 491 2742 a
507 2694 558 2742 late
575 2694 705 2742 discourse
723 2693 752 2741 of
765 2693 786 2741 F
787 2694 969 2756 ree-thinking,
984 2695 1082 2743 section
1096 2710 1128 2756 32
1143 2699 1190 2747 ‘In

190 2773 298 2834 profane
309 2775 414 2823 authors
433 2777 473 2837 (as
488 2776 551 2836 they
567 2791 612 2823 are
630 2776 731 2837 called),
750 2775 869 2824 whereof
882 2790 933 2824 one
952 2780 1110 2839 manuscript
1128 2781 1191 2842 only

190 2851 240 2900 had
260 2852 304 2899 the
323 2853 382 2900 luck
401 2859 428 2900 to
450 2854 483 2902 be
506 2854 654 2915 preserved,
677 2869 706 2901 as
727 2853 841 2902 Velleius
864 2853 1015 2903 Paterculus
1034 2871 1127 2918 among
1144 2858 1189 2906 the

191 2931 287 2991 Latius,
303 2931 353 2978 and
368 2931 517 2993 Hesychius
533 2948 628 2994 among
644 2932 688 2980 the
706 2931 813 2992 Greeks,
831 2933 875 2981 the
896 2933 972 2982 faults
990 2934 1020 2982 os
1034 2935 1078 2982 the
1094 2937 1190 2986 scribes

189 3025 233 3057 are
246 3009 324 3057 found
336 3025 365 3058 so
381 3025 529 3072 numerous,
546 3013 596 3059 and
614 3012 658 3060 the
676 3010 774 3060 delects
791 3027 820 3060 so
838 3013 941 3074 beyond
959 3013 991 3062 all
1009 3014 1118 3076 redress,
1133 3017 1190 3066 that

190 3088 422 3150 notwithstanding
444 3089 489 3137 the
512 3079 658 3139 learnedest
675 3092 726 3139 and
743 3099 841 3140 acutest
858 3094 944 3141 critics
966 3095 1006 3141 sor
1028 3100 1082 3142 two
1102 3097 1188 3145 whole

190 3172 326 3235 centuries,
340 3172 413 3222 these
425 3171 506 3220 books
518 3188 562 3220 are
574 3172 634 3235 still,
646 3174 696 3222 and
712 3189 755 3222 are
768 3173 820 3222 like
832 3181 858 3222 to
871 3173 998 3238 continue,
1012 3191 1028 3223 a
1040 3191 1108 3226 mere
1121 3179 1188 3240 heap

189 3251 220 3297 ol
227 3250 326 3300 errors.’
