3050 4350
604 325 759 384 VELLEI
781 324 1022 385 PATERCVLI

312 489 425 568 quippe
439 490 589 551 Antonius
604 511 673 551 cum
687 509 746 550 xm
762 490 928 568 legionibus
943 511 1076 569 egressus
1090 491 1262 552 Armeniam
1277 512 1313 553 ac

314 588 424 650 deinde
448 588 582 650 Mediam
605 600 634 649 et
657 609 709 666 per
727 609 776 648 eas
796 587 930 665 regiones
949 591 1074 649 Parthos
1089 600 1192 665 petens
1208 589 1312 650 habuit

287 707 299 740 2
313 706 412 762 regem
427 706 530 746 eorum
545 685 686 745 obuium:
701 685 856 763 primoque
867 688 941 746 duas
953 685 1083 763 legiones
1095 706 1163 745 cum
1173 685 1312 746 omnibus

313 783 534 862 impedimentis
559 783 773 860 tormentisque
798 795 827 844 et
850 783 983 844 Statiano
1003 786 1100 861 legato
1120 783 1227 857 amisit,
1243 804 1313 844 mox

313 881 430 958 saepius
445 881 508 958 ipse
522 902 591 942 eum
605 901 723 941 summo
743 881 832 942 totius
852 881 994 942 exercitus
1008 881 1178 942 discrimine
1192 902 1228 942 ea
1240 881 1313 943 adiit
1327 899 1340 946 5

313 977 451 1056 pericula,
468 977 610 1055 aquibus
625 978 734 1038 seruari
753 999 784 1038 se
807 999 895 1056 posse
914 981 1129 1056 desperauerat,
1145 978 1312 1056 amissaque

313 1097 375 1137 non
403 1076 501 1136 minus
530 1088 633 1153 quarta
659 1088 742 1153 parte
770 1076 896 1136 militum
924 1076 1034 1154 captiui
1067 1076 1230 1149 cuiusdam,
1259 1080 1312 1138 sed

314 1175 452 1248 Romani,
476 1173 600 1235 consilio
622 1194 658 1234 ac
682 1176 741 1234 fide
763 1187 895 1235 seruatus
915 1183 963 1248 cst,
985 1173 1038 1251 qui
1058 1177 1143 1235 clade
1165 1173 1312 1236 Crassiani

313 1273 456 1335 exereitus
466 1285 649 1350 captus,cum
661 1275 809 1333 fortunam
819 1294 880 1333 non
889 1273 1022 1333 animum
1032 1284 1182 1346 mutasset,
1188 1272 1312 1333 accessit

313 1384 401 1433 nocte
420 1374 459 1432 ad
481 1370 639 1430 stationem
661 1373 830 1430 Romanam
852 1371 1062 1448 praedixitque,
1079 1391 1116 1431 ne
1131 1370 1311 1432 destinatum
1328 1398 1359 1433 ιο

312 1469 367 1530 iter
394 1480 536 1546 peterent,
560 1470 613 1528 sed
635 1467 754 1528 diuerso
779 1467 964 1544 siluestrique
989 1465 1081 1549 [loco]
1106 1470 1309 1544 peruaderent

285 1570 371 1636 shoc
387 1570 429 1626 M.
445 1565 579 1627 Antonio
596 1568 689 1636 tacto
703 1565 759 1626 illis
774 1566 939 1644 legionibus
954 1566 1039 1627 saluti
1053 1565 1125 1626 luit:
1150 1565 1311 1644 dequibus

313 1677 413 1726 tamen
433 1676 556 1741 totoque
581 1663 709 1725 exercitu
730 1667 811 1726 haud
832 1665 931 1725 minus
955 1685 1021 1742 pars
1044 1675 1155 1741 quarta,
1178 1675 1211 1724 ut
1232 1684 1312 1741 prae-

313 1763 449 1836 diximus,
479 1761 615 1835 militum,
648 1765 786 1823 calonum
823 1763 993 1840 seruitiique
1029 1762 1195 1823 desiderata
1227 1763 1312 1822 tertia

312 1872 375 1933 est;
409 1859 690 1938 impedimentorum
718 1860 768 1920 nix
802 1862 861 1921 ulla
895 1860 1045 1938 superfuit
1101 1862 1180 1919 hanc
1211 1871 1311 1920 tamen
1328 1881 1356 1930 ¹5

312 1957 461 2018 Antonius
476 1959 575 2035 fugam
590 1978 683 2031 suam,
696 1958 765 2035 quia
776 1957 862 2019 uiuos
877 1958 992 2031 exierat,
1004 1957 1158 2018 uictoriam
1173 1959 1308 2019 uocabat

313 2055 364 2133 qui
385 2055 470 2116 tertia
491 2067 601 2116 aestate
626 2076 759 2116 reuersus
776 2055 807 2115 in
830 2056 1002 2117 Armeniam
1024 2076 1123 2133 regem
1144 2055 1207 2117 eius
1228 2060 1311 2116 Arta-

312 2155 425 2213 uasden
440 2154 543 2212 fraude
557 2155 716 2229 deceptum
728 2152 848 2226 catenis
860 2156 922 2227 sed,
935 2174 973 2212 ne
984 2153 1056 2232 quid
1067 2151 1174 2214 honori
1185 2156 1309 2226 deesset,

283 2249 407 2330 4aureis
432 2248 532 2309 uinxit
577 2261 727 2310 crescente
749 2249 859 2311 deinde
881 2262 911 2310 et
932 2250 1040 2310 amoris
1065 2250 1096 2309 in
1121 2252 1310 2327 Cleopatram

312 2346 452 2407 incendio
471 2357 501 2406 et
519 2345 667 2420 uitiorum,
686 2366 763 2423 quae
785 2367 901 2425 semper
923 2346 1111 2407 facultatibus
1133 2345 1311 2424 licentiaque
1326 2368 1357 2402 20

312 2455 342 2503 et
376 2442 631 2504 adsentationibus
663 2445 789 2516 aluntur,
819 2443 1031 2520 magnitudine,
1061 2445 1172 2504 bellum
1200 2443 1310 2520 patriae

311 2538 417 2599 inferre
445 2539 605 2612 constituit,
629 2560 697 2600 eum
725 2550 794 2600 ante
822 2561 935 2601 nouum
964 2561 996 2602 se
1020 2541 1161 2601 Liberum
1193 2545 1310 2601 Patrem

310 2637 451 2715 appellari
466 2637 604 2710 iussisset,
621 2657 690 2697 eum
704 2637 857 2698 redimitus
872 2639 988 2700 hederis
1003 2652 1181 2716 crocotaque
1196 2642 1310 2700 uelatus

310 2755 399 2795 aurea
414 2746 443 2795 et
457 2737 590 2812 thyrsum
604 2747 709 2796 tenens
723 2736 935 2815 cothurnisque
947 2737 1115 2798 succinctus
1126 2758 1212 2798 curru
1227 2740 1310 2798 uelut

311 2833 401 2893 Liber
415 2836 501 2894 Pater
515 2845 618 2894 uectus
632 2846 710 2894 esset
723 2834 926 2895 Alexandriae.
1324 2858 1354 2906 ²5

258 2931 297 3003 83
352 2932 434 2990 Inter
458 2932 539 2990 hunc
560 2942 733 3008 apparatum
758 2931 828 2991 belli
853 2934 989 3005 Plancus
1012 2953 1074 2993 non
1098 2931 1209 2994 iudicio
1231 2946 1311 2994 recta

346 3086 432 3141 rxTn.
446 3091 502 3140 AF
587 3108 706 3154 egressus
716 3093 785 3141 AP:
805 3093 936 3154 ingressus
950 3093 1061 3142 Gelenius
1152 3095 1309 3158 5sepiusA

311 3157 429 3208 6aadd.
444 3158 576 3219 Kreyssrg:
594 3159 711 3219 equibus
722 3159 842 3207 Heinsius
955 3160 1028 3207 Best
1039 3159 1096 3210 add.
1111 3160 1189 3209 Omlla'
1295 3179 1311 3224 9

312 3225 413 3272 fortuna
428 3223 465 3276 P:
484 3224 583 3271 fortuna
595 3222 645 3270 BA
732 3238 762 3272 10
779 3223 1017 3284 predestinatumA
1100 3240 1127 3273 11
1148 3225 1310 3288 siluestrique

310 3290 370 3338 loeo
381 3290 552 3350 peruaderent
562 3288 654 3337 leeoA
668 3290 738 3351 (sa'clz
761 3290 923 3351 siluestrique
934 3292 1106 3351 peruaderent
1117 3291 1143 3339 P
1211 3306 1241 3340 12
1255 3301 1311 3341 acto

311 3355 338 3403 A
342 3354 380 3403 P:
398 3362 456 3402 octo
467 3353 566 3403 Aldus:
584 3370 615 3402 ac
626 3361 664 3402 tot
675 3355 782 3417 Lrpsiuq
795 3355 840 3402 sed
849 3356 893 3402 uix
901 3356 963 3402 satis
968 3356 1048 3418 plaut
1053 3356 1215 3418 pleonasmus
1224 3358 1264 3404 r'lle
1273 3366 1311 3406 tot

313 3420 364 3467 illis
454 3435 484 3479 13
501 3421 569 3468 haud
586 3421 629 3478 bis,
641 3421 721 3481 parim
737 3420 810 3468 delato
824 3422 851 3470 A
955 3436 985 3480 14
1002 3422 1152 3483 seruitiique
1168 3421 1226 3484 AF,
1245 3424 1314 3484 quod

313 3501 365 3532 non
380 3499 458 3532 ausus
468 3501 527 3531 sum
543 3501 599 3532 aum
611 3485 708 3533 Kn'taa'o
719 3493 767 3548 per
778 3501 858 3533 unam
875 3487 887 3532 ι’
899 3486 1005 3544 sm'bare,
1018 3502 1074 3534 mm
1091 3487 1244 3550 signficatur
1256 3504 1311 3536 ser·

313 3565 412 3608 uorum,
427 3566 476 3598 non
488 3551 619 3599 seruitutis
676 3551 821 3598 desiderata
833 3552 949 3598 ultimam
961 3552 1066 3598 litterum
1078 3568 1093 3599 a
1105 3568 1138 3600 an
1150 3568 1181 3601 ae
1193 3553 1310 3614 habuerit,

309 3623 355 3679 per
366 3615 468 3662 lltumm
478 3632 527 3663 nou
535 3616 608 3678 potua¹
617 3615 749 3674 dascemere,
756 3617 816 3678 son.
829 3617 973 3665 desiderata
985 3623 1024 3664 est
1036 3618 1110 3665 tertia
1189 3621 1219 3666 16
1236 3619 1311 3668 uiuos

313 3680 340 3728 A
352 3697 358 3730 r
376 3681 451 3729 uiuus
464 3680 491 3728 P
564 3696 596 3741 23
613 3681 762 3742 appelariA
839 3690 942 3731 crocota
964 3683 1105 3732 Ruhnken:
1133 3698 1228 3732 corona
1249 3684 1310 3742 ΑΡ,

313 3745 383 3810 quod
391 3744 491 3809 Sauppe
502 3745 635 3793 mudr'caua't
644 3762 673 3794 ax
686 3746 759 3796 Ouid
771 3747 845 3797 Paul.
857 3748 891 3798 iv.
905 3762 943 3809 14.
956 3762 988 3809 55
1057 3763 1090 3809 24
1107 3749 1271 3811 coturnisque
1282 3750 1309 3798 A

797 3824 829 3890 96
