2810 4350
518 337 674 398 VELLEI
696 338 937 400 PATERCVLI

232 503 308 579 dius,
326 504 437 566 Herius
451 503 581 579 Asinius,
598 505 727 566 Insteius
742 507 827 580 Cato,
844 506 878 567 C.
892 504 1057 579 Pontidius,
1073 504 1231 566 Telesinus

205 601 365 676 aPontius,
396 602 509 663 Marius
538 602 689 680 Egnatius,
719 602 828 680 Papius
859 602 992 663 Mutilus
1049 623 1147 680 neque
1174 623 1231 680 ego

232 699 413 761 uerecundia
442 699 599 781 domestici
633 699 783 778 sanguinis
817 699 926 777 gloriae
955 699 1128 777 quidquam,
1157 701 1230 759 dum

233 817 337 858 uerum
364 797 467 871 resero,
491 797 680 858 subtraham:
714 797 826 875 quippe
854 800 981 857 multum
1005 797 1113 856 Minati
1139 795 1229 874 Magi,

231 893 311 955 ataui
339 894 406 968 mei,
435 894 658 968 Aeculanensis,
687 894 878 955 tribuendum
909 906 953 954 est
981 893 1150 966 memoriae,
1179 893 1262 970 quis

232 1009 326 1068 nepos
356 990 431 1052 Deci
457 991 548 1069 Magi,
571 992 793 1069 Campanorum
818 991 967 1068 principis,
990 989 1173 1051 celeberrimi
1201 1001 1231 1050 et

232 1087 395 1150 fidelissimi
415 1087 478 1163 uiri,
494 1099 606 1150 tantam
626 1091 685 1149 hoc
703 1090 783 1149 bello
803 1087 949 1148 Romanis
967 1089 1058 1148 fidem
1077 1086 1229 1165 praestitit,

232 1197 265 1246 ut
284 1205 353 1245 cum
372 1185 497 1264 legione,
515 1207 606 1264 quarn
625 1185 688 1263 ipse
707 1186 739 1246 in
759 1185 895 1264 Hirpinis
914 1184 1136 1262 conscripserat,
1156 1187 1231 1245 Her-

232 1284 390 1343 culaneum
418 1282 506 1344 simul
533 1303 602 1343 cum
630 1285 665 1344 T.
697 1282 789 1344 Didio
817 1294 943 1360 caperet,
972 1282 1133 1360 Pompeios
1160 1303 1230 1342 cum

203 1381 265 1448 aL.
296 1382 378 1441 Sulla
412 1391 596 1458 oppugnaret
627 1382 826 1458 †Cosamque
861 1391 1037 1457 occuparet:
1072 1379 1156 1440 euius
1191 1383 1230 1441 de
1250 1395 1280 1430 ¹0

232 1475 390 1538 uirtutibus
410 1497 478 1538 curn
497 1477 556 1552 alii,
568 1489 632 1537 tum
652 1478 778 1538 maxime
793 1477 984 1554 dilucideque
999 1479 1036 1552 Q.
1050 1477 1231 1538 Hortensius

232 1571 262 1633 in
277 1573 435 1635 annalibus
449 1573 510 1635 suis
523 1573 641 1634 rettulit.
686 1574 769 1634 cuius
785 1573 827 1634 illi
845 1573 947 1651 pietati
964 1576 1084 1657 plenam
1102 1577 1232 1652 populus

234 1671 389 1732 Romanus
413 1669 536 1749 gratiam
557 1671 667 1732 rettulit
688 1671 786 1748 ipsum
807 1671 917 1731 uiritim
938 1670 1057 1731 ciuitate
1078 1673 1230 1746 donando,

233 1767 309 1828 duos
331 1766 491 1830 filiuseius
515 1771 645 1831 creando
668 1781 825 1847 praetores,
850 1790 919 1829 curn
944 1769 1007 1829 seni
1031 1771 1130 1830 adhuc
1154 1790 1233 1830 crea-

203 1875 339 1936 4rentur.
383 1876 443 1926 tam
469 1865 549 1927 uaria
572 1878 662 1944 atque
689 1878 772 1927 atrox
799 1869 917 1927 fortuna
945 1866 1041 1928 Italici
1068 1867 1139 1927 belli
1166 1867 1230 1942 fuit,
1249 1884 1278 1935 15

233 1973 265 2022 ut
286 1981 339 2040 per
360 1961 513 2024 biennium
535 1963 678 2026 continuo
701 1966 762 2026 duo
786 1965 916 2026 Romani
937 1967 1083 2039 consules,
1101 1965 1231 2026 Rutilius

233 2079 268 2122 ac
283 2059 392 2122 deinde
407 2063 484 2123 Cato
500 2061 629 2142 Porcius,
645 2063 684 2122 ab
703 2061 839 2122 hostibus
858 2061 1072 2136 occiderentur,
1088 2062 1232 2123 exercitus

233 2155 336 2236 populi
355 2157 484 2220 Romani
507 2157 658 2242 multis—in
679 2158 752 2220 locis
773 2160 974 2232 funderentur,
990 2170 1082 2236 utque
1103 2161 1142 2219 ad
1163 2179 1233 2237 saga

234 2255 323 2317 iretur
345 2254 457 2334 diuque
482 2253 511 2316 in
537 2275 574 2317 eo
598 2255 702 2320 habitu
724 2267 897 2317 moneretur.
951 2267 1041 2333 caput
1062 2255 1167 2333 imperi
1187 2256 1233 2316 sui

234 2351 399 2417 Corfinium
428 2355 558 2432 legerant
586 2355 668 2432 quod
692 2355 875 2431 appellarent
897 2352 1038 2414 Italicam.
1090 2353 1233 2430 paulatim
1250 2376 1282 2411 ao

234 2449 343 2512 deinde
365 2448 536 2528 recipiendo
553 2450 583 2510 in
601 2449 760 2525 ciuitatem,
776 2449 828 2528 qui
846 2470 928 2511 arma
943 2461 994 2510 aut
1013 2470 1075 2510 non
1094 2461 1234 2528 ceperant

233 2560 285 2610 aut
313 2549 512 2626 deposuerant
541 2547 690 2622 maturius,
720 2547 797 2608 uires
825 2550 951 2608 refectae
981 2559 1058 2622 sunt,
1088 2547 1234 2626 Pompeio

234 2647 375 2724 Sullaque
397 2656 426 2706 et
447 2643 543 2706 Mario
563 2645 703 2706 fluentem
723 2645 1030 2723 procumbentemque
1048 2665 1111 2705 rem
1130 2644 1233 2722 populi

236 2741 366 2806 Romani
382 2741 610 2804 restituentibus.

188 2853 220 2918 17
276 2838 375 2903 Finito
390 2859 425 2901 ex
440 2837 568 2900 maxima
582 2850 672 2920 parte,
689 2837 744 2900 nisi
759 2857 836 2915 quae
855 2837 966 2899 Nolani
982 2838 1053 2899 belli
1073 2840 1234 2900 manebant
1251 2856 1281 2905 25

269 3013 279 3047 1
299 2997 366 3046 inste
384 2993 482 3044 luecato
496 2991 539 3044 A:
564 2991 593 3046 T.
605 2991 706 3044 Vettius
724 2993 789 3044 Cato
804 2991 908 3041 Vrsinus
1005 3009 1021 3041 a
1038 2994 1150 3042 inutilius
1167 2992 1235 3042 AP:

234 3061 338 3114 Mutilus
353 3059 535 3126 Raplrrlmgr'us
636 3073 651 3119 3
668 3057 799 3110 domestici
812 3058 944 3119 sanguinis
955 3057 1054 3120 gloriae
1065 3058 1119 3106 ΑΡ
1166 3060 1233 3120 quic-

231 3143 307 3194 quam
319 3125 373 3176 ΑΡ
451 3121 624 3186 4uerumPr
641 3121 757 3174 ueroA=
775 3123 926 3172 ueraOnlli
982 3123 1080 3173 Minatii
1096 3124 1174 3186 bingii
1186 3123 1240 3172 ΑΡ

233 3211 248 3258 5
266 3191 364 3244 ataulnl
373 3189 408 3256 A,
422 3197 543 3254 suprascr.
556 3187 624 3238 ataui
638 3187 687 3238 mei
753 3187 936 3238 Asculrnensis
948 3187 1007 3253 ΑΡ,
1020 3206 1068 3239 em.
1083 3190 1203 3239 cellarius
1213 3194 1237 3237 et

235 3259 328 3310 Cluuer
423 3255 531 3305 §Duell
556 3253 631 3318 Msgll
654 3251 708 3302 ΑΡ
797 3269 827 3303 ro
844 3253 987 3316 Coeumque
1004 3254 1073 3304 AP:
1096 3256 1235 3317 Compsam

238 3325 299 3375 Voss
410 3335 435 3370 rr
455 3321 566 3371 dilucide
585 3321 617 3382 Q.
636 3318 675 3368 Pr
701 3318 834 3381 dilucideq.
855 3333 905 3382 que
924 3319 950 3366 Α
962 3336 969 3368 t
993 3321 1103 3370 maxime
1126 3321 1235 3369 dilucide

236 3390 336 3454 Lipsius
405 3401 434 3438 ta
452 3383 603 3438 retulitAP
666 3383 699 3434 llll
717 3383 742 3432 Α
755 3401 761 3434 r
785 3382 826 3432 ille
844 3383 883 3434 Pr
893 3383 954 3446 son.
972 3385 1066 3447 insigni
1132 3385 1236 3447 pietatis

237 3455 310 3505 Kato
417 3467 445 3515 13
463 3459 519 3502 reli.
535 3450 575 3502 Pr
599 3457 643 3500 rei.
661 3447 704 3498 At
723 3449 832 3488 reddidit
852 3447 1012 3499 Pm'aom'us:
1032 3452 1145 3499 uocabult'
1156 3452 1235 3515 genu·

235 3519 494 3570 uabbnemtuitrarest
507 3515 665 3582 Wopkensl'
930 3515 1059 3564 ciuitatem
1078 3516 1104 3564 A
1205 3518 1236 3564 16

234 3585 382 3636 continuum
393 3583 505 3633 Mentire
566 3579 636 3646 toln·
904 3582 1065 3642 rerantquod
1074 3583 1235 3646 appellarent

235 3651 276 3704 Bi
289 3645 628 3726 legeruntqapellarentA:
926 3644 1080 3700 ellarentiP
1122 3647 1235 3696 Italicam

235 3717 280 3766 Ar
305 3712 465 3766 italicamPr
490 3713 628 3764 ltalleuml:
944 3715 985 3759 ent
996 3711 1124 3762 italicam:
1147 3713 1236 3775 appel·

235 3779 410 3834 laruntBtmr
489 3793 521 3843 aa
538 3777 628 3830 naid
952 3775 1087 3828 '.R.BA:
1103 3776 1223 3841 oemp.P
