2810 4350
489 388 643 448 VELLEI
667 387 907 449 PATERCVLI

166 562 184 623 7
238 558 332 616 Hunc
354 555 399 616 Ti.
417 556 544 618 Gracchi
567 556 659 630 liberi,
682 560 713 617 P.
738 555 884 634 Scipionis
907 554 1038 615 Africani
1060 565 1194 632 nepotes,

198 653 267 712 uiua
298 655 398 714 adhuc
426 665 519 714 matre
554 653 700 727 Cornelia,
730 653 861 715 Africani
895 653 963 726 lilia,
992 651 1047 712 uiri
1075 651 1197 729 optimis

197 750 422 827 ingeniismale
442 751 497 825 usi,
513 751 591 811 uitae
613 751 775 829 mortisque
797 751 928 811 habuere
945 749 1073 811 exitum:
1098 749 1150 826 qui
1171 748 1196 810 si

198 846 317 907 ciuilem
344 847 495 925 dignitatis
518 848 728 925 concupissent
756 850 889 922 modum,
915 847 1062 926 quidquid
1090 850 1198 908 tumul·

198 945 312 1004 tuando
339 944 463 1023 adipisci
490 945 659 1023 gestierunt,
683 945 790 1023 quietis
815 945 970 1007 obtulisset
993 965 1040 1005 res
1067 944 1226 1022 publica5

170 1041 267 1101 ahuic
294 1042 440 1103 atrocitati
467 1043 617 1104 adiectum
645 1045 741 1104 scelus
769 1043 899 1103 unicum.
942 1043 1053 1120 quippe
1079 1043 1197 1103 iuuenis

198 1139 296 1215 specie
315 1143 462 1201 excellens
481 1143 610 1202 necdum
630 1140 908 1217 duodeuicesimum
930 1152 1126 1218 transgressus
1148 1160 1198 1200 an·

198 1258 271 1297 num
304 1236 496 1317 inmunisque
530 1238 706 1299 delictorum
740 1250 939 1316 paternorum,
976 1237 1063 1298 Fului
1098 1237 1197 1298 Flacci

198 1334 283 1408 tilius,
313 1355 403 1413 quem
430 1347 514 1413 pater
540 1337 669 1412 legatum
694 1337 733 1396 de
755 1335 982 1396 condicionibus
1007 1335 1134 1408 miserat,
1157 1335 1197 1394 ab

198 1431 321 1507 Opimio
335 1431 529 1510 interemptus
543 1444 595 1493 est.
639 1453 729 1511 quem
744 1453 812 1492 cum
831 1434 977 1509 haruspex
995 1434 1112 1492 Tuscus
1126 1431 1198 1491 ami·
1213 1457 1246 1492 ιο

198 1550 250 1588 cus
274 1531 396 1589 flentem
420 1529 451 1588 in
475 1529 596 1589 uincula
617 1529 687 1590 duci
710 1528 841 1602 uidisset,
857 1528 929 1606 quin
952 1539 984 1588 tu
1007 1531 1066 1588 hoc
1087 1528 1196 1605 potius,

160 1663 162 1670 =
197 1626 302 1703 inquit,
318 1625 412 1686 lacis?
445 1627 640 1704 protinusque
654 1626 742 1687 inliso
756 1625 853 1703 capite
869 1625 900 1685 in
914 1637 1032 1702 postem
1046 1625 1198 1703 lapideum

155 1731 184 1784 143
197 1723 304 1784 ianuae
326 1722 449 1784 carceris
474 1727 628 1801 effusoque
650 1723 772 1784 cerebro
795 1721 960 1800 exspirauit.
1004 1723 1198 1800 crudelesque

199 1843 269 1882 mox
283 1821 472 1900 quaestiones
489 1821 520 1881 in
539 1821 651 1881 amicos
671 1820 846 1899 clientisque
861 1822 1064 1880 Gracchorum
1078 1819 1198 1879 habitae

200 1931 275 1980 sunt.
320 1922 373 1980 sed
398 1918 561 1997 Opimium,
587 1918 683 1978 uimm
707 1917 819 1995 alioqui
847 1928 982 1977 sanctum
1011 1927 1040 1976 et
1067 1936 1197 1993 grauem,
1217 1943 1246 1992 15

199 2019 374 2077 damnatum
391 2028 495 2095 postea
513 2015 624 2076 iudicio
643 2015 765 2092 publico
787 2013 930 2074 memoria
952 2013 1036 2073 istius
1059 2011 1199 2073 saeuitiae

168 2115 281 2187 4nulla
300 2113 396 2174 ciuilis
415 2124 572 2191 prosecuta
594 2124 638 2172 est
661 2110 868 2179 misericordia.
912 2112 1018 2171 eadem
1044 2109 1199 2186 Rupilium

201 2210 417 2288 Popiliumque,
446 2209 498 2287 qui
526 2212 663 2270 consules
695 2209 854 2286 asperrime
882 2207 913 2268 in
941 2207 1043 2268 Tiberi
1071 2207 1199 2268 Gracchi

198 2309 311 2368 amicos
339 2307 512 2380 saeuierant,
541 2318 645 2384 postea
672 2305 850 2366 iudiciorum
877 2305 1065 2382 publicomm
1093 2303 1199 2364 merito

198 2404 344 2483 oppressit
360 2403 480 2465 inuidia.
524 2403 566 2464 rei
588 2415 687 2463 tantae
705 2423 810 2480 parum
831 2404 870 2463 ad
890 2401 1027 2462 notitiam
1047 2401 1198 2478 pertinens
1215 2431 1246 2466 20

172 2504 408 2579 tinterponetur.
451 2500 501 2561 hic
528 2512 573 2561 est
598 2499 744 2578 Opimius,
769 2521 788 2560 a
815 2518 876 2576 quo
901 2500 1024 2559 consule
1048 2497 1204 2558 celeberri-¹

199 2620 282 2659 mum
318 2597 470 2676 Opimiani
504 2597 567 2658 uini
602 2595 712 2658 nomen
724 2619 732 2672 ;
773 2598 856 2674 quod
890 2596 949 2656 iam
984 2598 1099 2656 nullum
1134 2615 1200 2656 esse

200 2696 295 2773 spatio
322 2714 468 2754 annorum
502 2694 600 2772 colligi
631 2705 738 2771 potest,
771 2713 840 2753 cum
869 2694 908 2753 ab
937 2713 975 2753 eo
1007 2693 1065 2753 sint
1093 2693 1132 2752 ad
1160 2703 1198 2766 te,

170 2797 243 2854 6M.
270 2791 377 2866 Vinici,
412 2778 566 2852 consulem
600 2791 672 2851 anni
706 2797 790 2852 †cur.
847 2792 958 2851 factum
990 2789 1100 2867 Opimi,
1137 2810 1199 2868 quo

200 2888 418 2950 inimicitiarum
440 2887 573 2966 quaesita
595 2899 656 2948 erat
680 2887 762 2961 ultio,
786 2886 884 2947 minor
905 2897 1007 2948 secuta
1030 2887 1198 2961 auctoritas,
1215 2902 1245 2950 ²5

235 3112 246 3144 1
264 3095 317 3158 m]
338 3094 367 3144 c.
380 3091 434 3141 ΑΡ
498 3041 720 3143 nimisnimtis
741 3092 794 3154 (sa)
895 3108 910 3140 2
927 3091 1043 3141 African
1061 3092 1112 3140 ma
1133 3091 1201 3139 unas

201 3159 336 3209 includebat
346 3160 446 3220 Bentley
456 3163 552 3206 sentus
564 3158 699 3207 Heense'um
799 3156 1010 3218 4dignitatesA
1076 3156 1199 3218 quidquid

202 3230 244 3274 A:
262 3222 421 3287 quicquidP
491 3225 641 3286 Blmunisq.
656 3224 682 3271 Α
735 3222 862 3271 .imm.P
939 3238 968 3270 ra
986 3229 1086 3285 postem
1099 3222 1200 3271 Aldust

200 3296 305 3352 pontem
316 3291 371 3338 ΑΡ
462 3305 491 3352 13
509 3305 566 3352 exp.
580 3288 606 3335 P
653 3289 812 3350 crudelisque
820 3288 855 3350 A,
865 3289 976 3337 crudelis
987 3304 1069 3350 aeque
1080 3288 1202 3336 Heinsius

197 3356 266 3418 prob.
275 3356 376 3418 Bentley
455 3371 484 3417 14
502 3356 658 3415 clientesque
669 3353 725 3402 ΑΡ
806 3367 836 3414 15
853 3353 965 3416 alioquin
977 3353 1012 3414 A,
1023 3353 1067 3402 sed
1076 3353 1101 3402 ii.
1115 3356 1202 3401 macl

200 3437 238 3483 33.
258 3436 274 3481 4
291 3421 387 3483 alioqui
406 3436 470 3470 sane
487 3429 541 3470 tum
557 3428 678 3484 suprascr.
696 3427 812 3468 sanctum
826 3418 852 3466 A
942 3421 972 3467 16
989 3419 1062 3467 istius
1081 3416 1200 3466 Cludius:

201 3487 281 3549 ipsius
292 3486 348 3534 ΑΡ
388 3487 503 3536 seuetiae
520 3486 546 3534 A
603 3500 631 3547 17
649 3492 785 3547 persecuta
796 3485 856 3547 ΑΡ,
868 3499 915 3533 em.
930 3483 1033 3534 cludens
1076 3483 1200 3532 Rutilium

200 3552 258 3613 ΑΡ,
272 3567 320 3601 em.
332 3550 418 3600 Aldus
508 3553 539 3600 18
554 3551 649 3599 Tiberii
662 3551 687 3599 P
762 3566 796 3599 ao
812 3551 837 3598 id
850 3555 910 3614 post
919 3565 1011 3612 parum
1027 3549 1084 3598 add.
1100 3549 1201 3609 Bentley

201 3633 231 3666 ar
250 3617 430 3680 interponatur
440 3617 560 3666 Heinsius
570 3621 593 3664 el
603 3616 704 3678 Bentley
797 3631 828 3664 aa
846 3615 900 3664 uini
911 3631 992 3678 marg.
1004 3614 1030 3661 Α
1043 3631 1049 3663 z
1066 3613 1144 3662 uicini
1155 3612 1181 3659 A
1194 3629 1201 3660 t

201 3683 289 3733 uiciP
342 3699 374 3744 23
390 3682 524 3732 sintBA:
541 3681 629 3732 om.P
678 3697 710 3742 24
727 3696 768 3731 cu
779 3681 848 3728 AP:
865 3695 896 3728 cr.
907 3680 1009 3729 Aldus:
1026 3694 1077 3728 cru
1091 3679 1203 3727 Laurent

202 3749 288 3812 Opimi
299 3748 352 3798 ΑΡ
415 3749 484 3810 quod
495 3747 551 3796 ΑΡ
557 3765 563 3796 :
579 3762 630 3809 quo
642 3747 762 3795 Heinsius
772 3752 794 3795 el
804 3747 905 3808 Bentley

687 3891 716 3940 26
